%% This BibTeX bibliography file was created using BibDesk.
%% http://bibdesk.sourceforge.net/


%% Created for Leanne Rolston at 2017-06-20 10:37:02 -0700 


%% Saved with string encoding Unicode (UTF-8) 



@misc{fcichearings,
	Date-Added = {2017-06-20 17:33:19 +0000},
	Date-Modified = {2017-06-20 17:36:59 +0000},
	Howpublished = {\url{https://fcic.law.stanford.edu}},
	Note = {[Online; accessed 2017-06-17]},
	Title = {FCIC Hearings},
	Year = {2011}}

@inproceedings{somasundaran2010recognizing,
	Author = {Somasundaran, Swapna and Wiebe, Janyce},
	Booktitle = {Proceedings of the NAACL HLT 2010 Workshop on Computational Approaches to Analysis and Generation of Emotion in Text},
	Date-Added = {2017-06-19 22:28:05 +0000},
	Date-Modified = {2017-06-19 22:28:05 +0000},
	Organization = {Association for Computational Linguistics},
	Pages = {116--124},
	Title = {Recognizing stances in ideological on-line debates},
	Year = {2010},
	Bdsk-File-1 = {YnBsaXN0MDDUAQIDBAUGJCVYJHZlcnNpb25YJG9iamVjdHNZJGFyY2hpdmVyVCR0b3ASAAGGoKgHCBMUFRYaIVUkbnVsbNMJCgsMDxJXTlMua2V5c1pOUy5vYmplY3RzViRjbGFzc6INDoACgAOiEBGABIAFgAdccmVsYXRpdmVQYXRoWWFsaWFzRGF0YV8QUC4uLy4uLy4uL0RvY3VtZW50cy9BVEFST1MvUmVjb2duaXppbmcgU3RhbmNlcyBpbiBJZGVvbG9naWNhbCBPbi1MaW5lIERlYmF0ZXMucGRm0hcLGBlXTlMuZGF0YU8RAhoAAAAAAhoAAgAADE1hY2ludG9zaCBIRAAAAAAAAAAAAAAAAAAAANEnvuRIKwAAAVEtrB9SZWNvZ25pemluZyBTdGFuY2VzIzFCNDU3QTcucGRmAAAAAAAAAAAAAAAAAAAAAAAAAAAAAAAAAAAAAAAAAAABtFen1JMZfQAAAAAAAAAAAAMAAwAACSAAAAAAAAAAAAAAAAAAAAAGQVRBUk9TABAACAAA0SghVAAAABEACAAA1JOJ/QAAAAEAEAFRLawACWGZAAk8vgAJGBYAAgBPTWFjaW50b3NoIEhEOlVzZXJzOgByb2xzdG9uOgBEb2N1bWVudHM6AEFUQVJPUzoAUmVjb2duaXppbmcgU3RhbmNlcyMxQjQ1N0E3LnBkZgAADgBuADYAUgBlAGMAbwBnAG4AaQB6AGkAbgBnACAAUwB0AGEAbgBjAGUAcwAgAGkAbgAgAEkAZABlAG8AbABvAGcAaQBjAGEAbAAgAE8AbgAtAEwAaQBuAGUAIABEAGUAYgBhAHQAZQBzAC4AcABkAGYADwAaAAwATQBhAGMAaQBuAHQAbwBzAGgAIABIAEQAEgBVVXNlcnMvcm9sc3Rvbi9Eb2N1bWVudHMvQVRBUk9TL1JlY29nbml6aW5nIFN0YW5jZXMgaW4gSWRlb2xvZ2ljYWwgT24tTGluZSBEZWJhdGVzLnBkZgAAEwABLwAAFQACAA7//wAAgAbSGxwdHlokY2xhc3NuYW1lWCRjbGFzc2VzXU5TTXV0YWJsZURhdGGjHR8gVk5TRGF0YVhOU09iamVjdNIbHCIjXE5TRGljdGlvbmFyeaIiIF8QD05TS2V5ZWRBcmNoaXZlctEmJ1Ryb290gAEACAARABoAIwAtADIANwBAAEYATQBVAGAAZwBqAGwAbgBxAHMAdQB3AIQAjgDhAOYA7gMMAw4DEwMeAycDNQM5A0ADSQNOA1sDXgNwA3MDeAAAAAAAAAIBAAAAAAAAACgAAAAAAAAAAAAAAAAAAAN6}}

@misc{pennebaker2015linguistic,
	Author = {Pennebaker, JW and Booth, RJ and Boyd, RL and Francis, ME},
	Date-Added = {2017-06-19 17:34:30 +0000},
	Date-Modified = {2017-06-19 17:34:30 +0000},
	Publisher = {Inc},
	Title = {Linguistic Inquiry and Word Count: LIWC 2015 [Computer software]. Pennebaker Conglomerates},
	Year = {2015}}

@article{biber2015stance,
	Author = {Biber, Douglas},
	Date-Added = {2017-06-16 17:12:31 +0000},
	Date-Modified = {2017-06-16 17:12:31 +0000},
	Journal = {Corpus Linguistics Research},
	Pages = {1--19},
	Title = {Stance and Grammatical Complexity in Conversation: An Unlikely Partnership Discovered through Corpus Analysis},
	Volume = {1},
	Year = {2015},
	Bdsk-File-1 = {YnBsaXN0MDDUAQIDBAUGJCVYJHZlcnNpb25YJG9iamVjdHNZJGFyY2hpdmVyVCR0b3ASAAGGoKgHCBMUFRYaIVUkbnVsbNMJCgsMDxJXTlMua2V5c1pOUy5vYmplY3RzViRjbGFzc6INDoACgAOiEBGABIAFgAdccmVsYXRpdmVQYXRoWWFsaWFzRGF0YV8Qiy4uLy4uLy4uL0RvY3VtZW50cy9BVEFST1MvU3RhbmNlIGFuZCBHcmFtbWF0aWNhbCBDb21wbGV4aXR5IGluIENvbnZlcnNhdGlvbjogQW4gVW5saWtlbHkgUGFydG5lcnNoaXAgRGlzY292ZXJlZCB0aHJvdWdoIENvcnB1cyBBbmFseXNpcy5wZGbSFwsYGVdOUy5kYXRhTxECygAAAAACygACAAAMTWFjaW50b3NoIEhEAAAAAAAAAAAAAAAAAAAA0Se+5EgrAAABUS2sH1N0YW5jZSBhbmQgR3JhbW1hdGkjMjE2QjkxNy5wZGYAAAAAAAAAAAAAAAAAAAAAAAAAAAAAAAAAAAAAAAAAAAIWuRfVaV/gAAAAAAAAAAAAAwADAAAJIAAAAAAAAAAAAAAAAAAAAAZBVEFST1MAEAAIAADRKCFUAAAAEQAIAADVacJQAAAAAQAQAVEtrAAJYZkACTy+AAkYFgACAE9NYWNpbnRvc2ggSEQ6VXNlcnM6AHJvbHN0b246AERvY3VtZW50czoAQVRBUk9TOgBTdGFuY2UgYW5kIEdyYW1tYXRpIzIxNkI5MTcucGRmAAAOAOQAcQBTAHQAYQBuAGMAZQAgAGEAbgBkACAARwByAGEAbQBtAGEAdABpAGMAYQBsACAAQwBvAG0AcABsAGUAeABpAHQAeQAgAGkAbgAgAEMAbwBuAHYAZQByAHMAYQB0AGkAbwBuAC8AIABBAG4AIABVAG4AbABpAGsAZQBsAHkAIABQAGEAcgB0AG4AZQByAHMAaABpAHAAIABEAGkAcwBjAG8AdgBlAHIAZQBkACAAdABoAHIAbwB1AGcAaAAgAEMAbwByAHAAdQBzACAAQQBuAGEAbAB5AHMAaQBzAC4AcABkAGYADwAaAAwATQBhAGMAaQBuAHQAbwBzAGgAIABIAEQAEgCQVXNlcnMvcm9sc3Rvbi9Eb2N1bWVudHMvQVRBUk9TL1N0YW5jZSBhbmQgR3JhbW1hdGljYWwgQ29tcGxleGl0eSBpbiBDb252ZXJzYXRpb246IEFuIFVubGlrZWx5IFBhcnRuZXJzaGlwIERpc2NvdmVyZWQgdGhyb3VnaCBDb3JwdXMgQW5hbHlzaXMucGRmABMAAS8AABUAAgAO//8AAIAG0hscHR5aJGNsYXNzbmFtZVgkY2xhc3Nlc11OU011dGFibGVEYXRhox0fIFZOU0RhdGFYTlNPYmplY3TSGxwiI1xOU0RpY3Rpb25hcnmiIiBfEA9OU0tleWVkQXJjaGl2ZXLRJidUcm9vdIABAAgAEQAaACMALQAyADcAQABGAE0AVQBgAGcAagBsAG4AcQBzAHUAdwCEAI4BHAEhASkD9wP5A/4ECQQSBCAEJAQrBDQEOQRGBEkEWwReBGMAAAAAAAACAQAAAAAAAAAoAAAAAAAAAAAAAAAAAAAEZQ==}}

@inproceedings{levitan2015entrainment,
	Author = {Levitan, Rivka and Benus, Stefan and Gravano, Agust{\i}n and Hirschberg, Julia},
	Booktitle = {AAAI Spring Symposium on Turn-Taking and Coordination in Human-Machine Interaction},
	Date-Added = {2017-06-15 23:45:22 +0000},
	Date-Modified = {2017-06-15 23:45:22 +0000},
	Title = {Entrainment and turn-taking in human-human dialogue},
	Year = {2015},
	Bdsk-File-1 = {YnBsaXN0MDDUAQIDBAUGJCVYJHZlcnNpb25YJG9iamVjdHNZJGFyY2hpdmVyVCR0b3ASAAGGoKgHCBMUFRYaIVUkbnVsbNMJCgsMDxJXTlMua2V5c1pOUy5vYmplY3RzViRjbGFzc6INDoACgAOiEBGABIAFgAdccmVsYXRpdmVQYXRoWWFsaWFzRGF0YV8QUS4uLy4uLy4uL0RvY3VtZW50cy9BVEFST1MvRW50cmFpbm1lbnQgYW5kIFR1cm4tVGFraW5nIGluIEh1bWFuLUh1bWFuIERpYWxvZ3VlLnBkZtIXCxgZV05TLmRhdGFPEQIcAAAAAAIcAAIAAAxNYWNpbnRvc2ggSEQAAAAAAAAAAAAAAAAAAADRJ77kSCsAAAFRLawfRW50cmFpbm1lbnQgYW5kIFR1ciMyMTY5MTFBLnBkZgAAAAAAAAAAAAAAAAAAAAAAAAAAAAAAAAAAAAAAAAAAAhaRGtVoahEAAAAAAAAAAAADAAMAAAkgAAAAAAAAAAAAAAAAAAAABkFUQVJPUwAQAAgAANEoIVQAAAARAAgAANVozIEAAAABABABUS2sAAlhmQAJPL4ACRgWAAIAT01hY2ludG9zaCBIRDpVc2VyczoAcm9sc3RvbjoARG9jdW1lbnRzOgBBVEFST1M6AEVudHJhaW5tZW50IGFuZCBUdXIjMjE2OTExQS5wZGYAAA4AcAA3AEUAbgB0AHIAYQBpAG4AbQBlAG4AdAAgAGEAbgBkACAAVAB1AHIAbgAtAFQAYQBrAGkAbgBnACAAaQBuACAASAB1AG0AYQBuAC0ASAB1AG0AYQBuACAARABpAGEAbABvAGcAdQBlAC4AcABkAGYADwAaAAwATQBhAGMAaQBuAHQAbwBzAGgAIABIAEQAEgBWVXNlcnMvcm9sc3Rvbi9Eb2N1bWVudHMvQVRBUk9TL0VudHJhaW5tZW50IGFuZCBUdXJuLVRha2luZyBpbiBIdW1hbi1IdW1hbiBEaWFsb2d1ZS5wZGYAEwABLwAAFQACAA7//wAAgAbSGxwdHlokY2xhc3NuYW1lWCRjbGFzc2VzXU5TTXV0YWJsZURhdGGjHR8gVk5TRGF0YVhOU09iamVjdNIbHCIjXE5TRGljdGlvbmFyeaIiIF8QD05TS2V5ZWRBcmNoaXZlctEmJ1Ryb290gAEACAARABoAIwAtADIANwBAAEYATQBVAGAAZwBqAGwAbgBxAHMAdQB3AIQAjgDiAOcA7wMPAxEDFgMhAyoDOAM8A0MDTANRA14DYQNzA3YDewAAAAAAAAIBAAAAAAAAACgAAAAAAAAAAAAAAAAAAAN9}}

@inproceedings{levitan2011entrainment,
	Author = {Levitan, Rivka and Gravano, Agust{\'\i}n and Hirschberg, Julia},
	Booktitle = {Proceedings of the 49th Annual Meeting of the Association for Computational Linguistics: Human Language Technologies: Short Papers-Volume 2},
	Date-Added = {2017-06-15 23:44:07 +0000},
	Date-Modified = {2017-06-15 23:44:07 +0000},
	Organization = {Association for Computational Linguistics},
	Pages = {113--117},
	Title = {Entrainment in speech preceding backchannels},
	Year = {2011},
	Bdsk-File-1 = {YnBsaXN0MDDUAQIDBAUGJCVYJHZlcnNpb25YJG9iamVjdHNZJGFyY2hpdmVyVCR0b3ASAAGGoKgHCBMUFRYaIVUkbnVsbNMJCgsMDxJXTlMua2V5c1pOUy5vYmplY3RzViRjbGFzc6INDoACgAOiEBGABIAFgAdccmVsYXRpdmVQYXRoWWFsaWFzRGF0YV8QKi4uLy4uLy4uL0RvY3VtZW50cy9BVEFST1MvcDExMy1sZXZpdGFuLnBkZtIXCxgZV05TLmRhdGFPEQGYAAAAAAGYAAIAAAxNYWNpbnRvc2ggSEQAAAAAAAAAAAAAAAAAAADRJ77kSCsAAAFRLawQcDExMy1sZXZpdGFuLnBkZgAAAAAAAAAAAAAAAAAAAAAAAAAAAAAAAAAAAAAAAAAAAAAAAAAAAAAAAAAAAAAAAhaQ6tVoaesAAAAAAAAAAAADAAMAAAkgAAAAAAAAAAAAAAAAAAAABkFUQVJPUwAQAAgAANEoIVQAAAARAAgAANVozFsAAAABABABUS2sAAlhmQAJPL4ACRgWAAIAQE1hY2ludG9zaCBIRDpVc2VyczoAcm9sc3RvbjoARG9jdW1lbnRzOgBBVEFST1M6AHAxMTMtbGV2aXRhbi5wZGYADgAiABAAcAAxADEAMwAtAGwAZQB2AGkAdABhAG4ALgBwAGQAZgAPABoADABNAGEAYwBpAG4AdABvAHMAaAAgAEgARAASAC9Vc2Vycy9yb2xzdG9uL0RvY3VtZW50cy9BVEFST1MvcDExMy1sZXZpdGFuLnBkZgAAEwABLwAAFQACAA7//wAAgAbSGxwdHlokY2xhc3NuYW1lWCRjbGFzc2VzXU5TTXV0YWJsZURhdGGjHR8gVk5TRGF0YVhOU09iamVjdNIbHCIjXE5TRGljdGlvbmFyeaIiIF8QD05TS2V5ZWRBcmNoaXZlctEmJ1Ryb290gAEACAARABoAIwAtADIANwBAAEYATQBVAGAAZwBqAGwAbgBxAHMAdQB3AIQAjgC7AMAAyAJkAmYCawJ2An8CjQKRApgCoQKmArMCtgLIAssC0AAAAAAAAAIBAAAAAAAAACgAAAAAAAAAAAAAAAAAAALS}}

@inproceedings{nenkova2008high,
	Author = {Nenkova, Ani and Gravano, Agustin and Hirschberg, Julia},
	Booktitle = {Proceedings of the 46th annual meeting of the association for computational linguistics on human language technologies: Short papers},
	Date-Added = {2017-06-15 23:43:36 +0000},
	Date-Modified = {2017-06-15 23:43:36 +0000},
	Organization = {Association for Computational Linguistics},
	Pages = {169--172},
	Title = {High frequency word entrainment in spoken dialogue},
	Year = {2008},
	Bdsk-File-1 = {YnBsaXN0MDDUAQIDBAUGJCVYJHZlcnNpb25YJG9iamVjdHNZJGFyY2hpdmVyVCR0b3ASAAGGoKgHCBMUFRYaIVUkbnVsbNMJCgsMDxJXTlMua2V5c1pOUy5vYmplY3RzViRjbGFzc6INDoACgAOiEBGABIAFgAdccmVsYXRpdmVQYXRoWWFsaWFzRGF0YV8QUC4uLy4uLy4uL0RvY3VtZW50cy9BVEFST1MvSGlnaCBGcmVxdWVuY3kgV29yZCBFbnRyYWlubWVudCBpbiBTcG9rZW4gRGlhbG9ndWUucGRm0hcLGBlXTlMuZGF0YU8RAhoAAAAAAhoAAgAADE1hY2ludG9zaCBIRAAAAAAAAAAAAAAAAAAAANEnvuRIKwAAAVEtrB9IaWdoIEZyZXF1ZW5jeSBXb3JkIzIxNjkwOEIucGRmAAAAAAAAAAAAAAAAAAAAAAAAAAAAAAAAAAAAAAAAAAACFpCL1WhpnwAAAAAAAAAAAAMAAwAACSAAAAAAAAAAAAAAAAAAAAAGQVRBUk9TABAACAAA0SghVAAAABEACAAA1WjMDwAAAAEAEAFRLawACWGZAAk8vgAJGBYAAgBPTWFjaW50b3NoIEhEOlVzZXJzOgByb2xzdG9uOgBEb2N1bWVudHM6AEFUQVJPUzoASGlnaCBGcmVxdWVuY3kgV29yZCMyMTY5MDhCLnBkZgAADgBuADYASABpAGcAaAAgAEYAcgBlAHEAdQBlAG4AYwB5ACAAVwBvAHIAZAAgAEUAbgB0AHIAYQBpAG4AbQBlAG4AdAAgAGkAbgAgAFMAcABvAGsAZQBuACAARABpAGEAbABvAGcAdQBlAC4AcABkAGYADwAaAAwATQBhAGMAaQBuAHQAbwBzAGgAIABIAEQAEgBVVXNlcnMvcm9sc3Rvbi9Eb2N1bWVudHMvQVRBUk9TL0hpZ2ggRnJlcXVlbmN5IFdvcmQgRW50cmFpbm1lbnQgaW4gU3Bva2VuIERpYWxvZ3VlLnBkZgAAEwABLwAAFQACAA7//wAAgAbSGxwdHlokY2xhc3NuYW1lWCRjbGFzc2VzXU5TTXV0YWJsZURhdGGjHR8gVk5TRGF0YVhOU09iamVjdNIbHCIjXE5TRGljdGlvbmFyeaIiIF8QD05TS2V5ZWRBcmNoaXZlctEmJ1Ryb290gAEACAARABoAIwAtADIANwBAAEYATQBVAGAAZwBqAGwAbgBxAHMAdQB3AIQAjgDhAOYA7gMMAw4DEwMeAycDNQM5A0ADSQNOA1sDXgNwA3MDeAAAAAAAAAIBAAAAAAAAACgAAAAAAAAAAAAAAAAAAAN6}}

@inproceedings{choi2008learning,
	Author = {Choi, Yejin and Cardie, Claire},
	Booktitle = {Proceedings of the Conference on Empirical Methods in Natural Language Processing},
	Date-Added = {2017-06-15 23:35:43 +0000},
	Date-Modified = {2017-06-15 23:35:43 +0000},
	Organization = {Association for Computational Linguistics},
	Pages = {793--801},
	Title = {Learning with compositional semantics as structural inference for subsentential sentiment analysis},
	Year = {2008},
	Bdsk-File-1 = {YnBsaXN0MDDUAQIDBAUGJCVYJHZlcnNpb25YJG9iamVjdHNZJGFyY2hpdmVyVCR0b3ASAAGGoKgHCBMUFRYaIVUkbnVsbNMJCgsMDxJXTlMua2V5c1pOUy5vYmplY3RzViRjbGFzc6INDoACgAOiEBGABIAFgAdccmVsYXRpdmVQYXRoWWFsaWFzRGF0YV8QJy4uLy4uLy4uL0RvY3VtZW50cy9BVEFST1MvcDc5My1jaG9pLnBkZtIXCxgZV05TLmRhdGFPEQGMAAAAAAGMAAIAAAxNYWNpbnRvc2ggSEQAAAAAAAAAAAAAAAAAAADRJ77kSCsAAAFRLawNcDc5My1jaG9pLnBkZgAAAAAAAAAAAAAAAAAAAAAAAAAAAAAAAAAAAAAAAAAAAAAAAAAAAAAAAAAAAAAAAAAAAhaO2tVoZ8sAAAAAAAAAAAADAAMAAAkgAAAAAAAAAAAAAAAAAAAABkFUQVJPUwAQAAgAANEoIVQAAAARAAgAANVoyjsAAAABABABUS2sAAlhmQAJPL4ACRgWAAIAPU1hY2ludG9zaCBIRDpVc2VyczoAcm9sc3RvbjoARG9jdW1lbnRzOgBBVEFST1M6AHA3OTMtY2hvaS5wZGYAAA4AHAANAHAANwA5ADMALQBjAGgAbwBpAC4AcABkAGYADwAaAAwATQBhAGMAaQBuAHQAbwBzAGgAIABIAEQAEgAsVXNlcnMvcm9sc3Rvbi9Eb2N1bWVudHMvQVRBUk9TL3A3OTMtY2hvaS5wZGYAEwABLwAAFQACAA7//wAAgAbSGxwdHlokY2xhc3NuYW1lWCRjbGFzc2VzXU5TTXV0YWJsZURhdGGjHR8gVk5TRGF0YVhOU09iamVjdNIbHCIjXE5TRGljdGlvbmFyeaIiIF8QD05TS2V5ZWRBcmNoaXZlctEmJ1Ryb290gAEACAARABoAIwAtADIANwBAAEYATQBVAGAAZwBqAGwAbgBxAHMAdQB3AIQAjgC4AL0AxQJVAlcCXAJnAnACfgKCAokCkgKXAqQCpwK5ArwCwQAAAAAAAAIBAAAAAAAAACgAAAAAAAAAAAAAAAAAAALD}}

@article{hunston2000local,
	Author = {Hunston, Susan and Sinclair, John},
	Date-Added = {2017-06-15 23:31:43 +0000},
	Date-Modified = {2017-06-15 23:31:43 +0000},
	Journal = {Evaluation in text: Authorial stance and the construction of discourse},
	Pages = {74--101},
	Publisher = {Oxford: Oxford University Press},
	Title = {A local grammar of evaluation},
	Year = {2000},
	Bdsk-File-1 = {YnBsaXN0MDDUAQIDBAUGJCVYJHZlcnNpb25YJG9iamVjdHNZJGFyY2hpdmVyVCR0b3ASAAGGoKgHCBMUFRYaIVUkbnVsbNMJCgsMDxJXTlMua2V5c1pOUy5vYmplY3RzViRjbGFzc6INDoACgAOiEBGABIAFgAdccmVsYXRpdmVQYXRoWWFsaWFzRGF0YV8QOS4uLy4uLy4uL0RvY3VtZW50cy9BVEFST1MvbG9jYWwgR3JhbW1hciBvZiBFdmFsdWF0aW9uLnBkZtIXCxgZV05TLmRhdGFPEQHUAAAAAAHUAAIAAAxNYWNpbnRvc2ggSEQAAAAAAAAAAAAAAAAAAADRJ77kSCsAAAFRLawfbG9jYWwgR3JhbW1hciBvZiBFdmFsdWF0aW9uLnBkZgAAAAAAAAAAAAAAAAAAAAAAAAAAAAAAAAAAAAAAAAAAAhaN/dVoZrsAAAAAAAAAAAADAAMAAAkgAAAAAAAAAAAAAAAAAAAABkFUQVJPUwAQAAgAANEoIVQAAAARAAgAANVoySsAAAABABABUS2sAAlhmQAJPL4ACRgWAAIAT01hY2ludG9zaCBIRDpVc2VyczoAcm9sc3RvbjoARG9jdW1lbnRzOgBBVEFST1M6AGxvY2FsIEdyYW1tYXIgb2YgRXZhbHVhdGlvbi5wZGYAAA4AQAAfAGwAbwBjAGEAbAAgAEcAcgBhAG0AbQBhAHIAIABvAGYAIABFAHYAYQBsAHUAYQB0AGkAbwBuAC4AcABkAGYADwAaAAwATQBhAGMAaQBuAHQAbwBzAGgAIABIAEQAEgA+VXNlcnMvcm9sc3Rvbi9Eb2N1bWVudHMvQVRBUk9TL2xvY2FsIEdyYW1tYXIgb2YgRXZhbHVhdGlvbi5wZGYAEwABLwAAFQACAA7//wAAgAbSGxwdHlokY2xhc3NuYW1lWCRjbGFzc2VzXU5TTXV0YWJsZURhdGGjHR8gVk5TRGF0YVhOU09iamVjdNIbHCIjXE5TRGljdGlvbmFyeaIiIF8QD05TS2V5ZWRBcmNoaXZlctEmJ1Ryb290gAEACAARABoAIwAtADIANwBAAEYATQBVAGAAZwBqAGwAbgBxAHMAdQB3AIQAjgDKAM8A1wKvArECtgLBAsoC2ALcAuMC7ALxAv4DAQMTAxYDGwAAAAAAAAIBAAAAAAAAACgAAAAAAAAAAAAAAAAAAAMd}}

@article{conrad2000adverbial,
	Author = {Conrad, Susan and Biber, Douglas},
	Date-Added = {2017-06-15 23:28:12 +0000},
	Date-Modified = {2017-06-15 23:28:12 +0000},
	Journal = {Evaluation in text: Authorial stance and the construction of discourse},
	Pages = {56--73},
	Title = {Adverbial marking of stance in speech and writing},
	Year = {2000},
	Bdsk-File-1 = {YnBsaXN0MDDUAQIDBAUGJCVYJHZlcnNpb25YJG9iamVjdHNZJGFyY2hpdmVyVCR0b3ASAAGGoKgHCBMUFRYaIVUkbnVsbNMJCgsMDxJXTlMua2V5c1pOUy5vYmplY3RzViRjbGFzc6INDoACgAOiEBGABIAFgAdccmVsYXRpdmVQYXRoWWFsaWFzRGF0YV8QOC4uLy4uLy4uL0RvY3VtZW50cy9BVEFST1MvQWRlcmJpYWwgTWFya2luZyBvZiBTdGFuY2UucGRm0hcLGBlXTlMuZGF0YU8RAdAAAAAAAdAAAgAADE1hY2ludG9zaCBIRAAAAAAAAAAAAAAAAAAAANEnvuRIKwAAAVEtrB5BZGVyYmlhbCBNYXJraW5nIG9mIFN0YW5jZS5wZGYAAAAAAAAAAAAAAAAAAAAAAAAAAAAAAAAAAAAAAAAAAAACFo0x1Whl4wAAAAAAAAAAAAMAAwAACSAAAAAAAAAAAAAAAAAAAAAGQVRBUk9TABAACAAA0SghVAAAABEACAAA1WjIUwAAAAEAEAFRLawACWGZAAk8vgAJGBYAAgBOTWFjaW50b3NoIEhEOlVzZXJzOgByb2xzdG9uOgBEb2N1bWVudHM6AEFUQVJPUzoAQWRlcmJpYWwgTWFya2luZyBvZiBTdGFuY2UucGRmAA4APgAeAEEAZABlAHIAYgBpAGEAbAAgAE0AYQByAGsAaQBuAGcAIABvAGYAIABTAHQAYQBuAGMAZQAuAHAAZABmAA8AGgAMAE0AYQBjAGkAbgB0AG8AcwBoACAASABEABIAPVVzZXJzL3JvbHN0b24vRG9jdW1lbnRzL0FUQVJPUy9BZGVyYmlhbCBNYXJraW5nIG9mIFN0YW5jZS5wZGYAABMAAS8AABUAAgAO//8AAIAG0hscHR5aJGNsYXNzbmFtZVgkY2xhc3Nlc11OU011dGFibGVEYXRhox0fIFZOU0RhdGFYTlNPYmplY3TSGxwiI1xOU0RpY3Rpb25hcnmiIiBfEA9OU0tleWVkQXJjaGl2ZXLRJidUcm9vdIABAAgAEQAaACMALQAyADcAQABGAE0AVQBgAGcAagBsAG4AcQBzAHUAdwCEAI4AyQDOANYCqgKsArECvALFAtMC1wLeAucC7AL5AvwDDgMRAxYAAAAAAAACAQAAAAAAAAAoAAAAAAAAAAAAAAAAAAADGA==}}

@article{channell2000evaluativelexis,
	Author = {Channell, Joanna},
	Date-Added = {2017-06-15 23:26:02 +0000},
	Date-Modified = {2017-06-15 23:26:02 +0000},
	Journal = {Evaluation in text: Authorial stance and the construction of discourse},
	Pages = {38--55},
	Publisher = {Oxford University Press Oxford},
	Title = {Corpus-Based Analysis of Evaluative Lexis},
	Year = {2000},
	Bdsk-File-1 = {YnBsaXN0MDDUAQIDBAUGJCVYJHZlcnNpb25YJG9iamVjdHNZJGFyY2hpdmVyVCR0b3ASAAGGoKgHCBMUFRYaIVUkbnVsbNMJCgsMDxJXTlMua2V5c1pOUy5vYmplY3RzViRjbGFzc6INDoACgAOiEBGABIAFgAdccmVsYXRpdmVQYXRoWWFsaWFzRGF0YV8QMC4uLy4uLy4uL0RvY3VtZW50cy9BVEFST1MvQ29ycHVzLUJhc2VkIExleGlzLnBkZtIXCxgZV05TLmRhdGFPEQGwAAAAAAGwAAIAAAxNYWNpbnRvc2ggSEQAAAAAAAAAAAAAAAAAAADRJ77kSCsAAAFRLawWQ29ycHVzLUJhc2VkIExleGlzLnBkZgAAAAAAAAAAAAAAAAAAAAAAAAAAAAAAAAAAAAAAAAAAAAAAAAAAAAAAAhaMXdVoZOIAAAAAAAAAAAADAAMAAAkgAAAAAAAAAAAAAAAAAAAABkFUQVJPUwAQAAgAANEoIVQAAAARAAgAANVox1IAAAABABABUS2sAAlhmQAJPL4ACRgWAAIARk1hY2ludG9zaCBIRDpVc2VyczoAcm9sc3RvbjoARG9jdW1lbnRzOgBBVEFST1M6AENvcnB1cy1CYXNlZCBMZXhpcy5wZGYADgAuABYAQwBvAHIAcAB1AHMALQBCAGEAcwBlAGQAIABMAGUAeABpAHMALgBwAGQAZgAPABoADABNAGEAYwBpAG4AdABvAHMAaAAgAEgARAASADVVc2Vycy9yb2xzdG9uL0RvY3VtZW50cy9BVEFST1MvQ29ycHVzLUJhc2VkIExleGlzLnBkZgAAEwABLwAAFQACAA7//wAAgAbSGxwdHlokY2xhc3NuYW1lWCRjbGFzc2VzXU5TTXV0YWJsZURhdGGjHR8gVk5TRGF0YVhOU09iamVjdNIbHCIjXE5TRGljdGlvbmFyeaIiIF8QD05TS2V5ZWRBcmNoaXZlctEmJ1Ryb290gAEACAARABoAIwAtADIANwBAAEYATQBVAGAAZwBqAGwAbgBxAHMAdQB3AIQAjgDBAMYAzgKCAoQCiQKUAp0CqwKvArYCvwLEAtEC1ALmAukC7gAAAAAAAAIBAAAAAAAAACgAAAAAAAAAAAAAAAAAAALw}}

@article{hoey2000persuasive,
	Author = {Hoey, Michael},
	Date-Added = {2017-06-15 23:21:33 +0000},
	Date-Modified = {2017-06-15 23:21:33 +0000},
	Journal = {Evaluation in text: Authorial stance and the construction of discourse},
	Pages = {28--37},
	Publisher = {Oxford University Press Oxford},
	Title = {Persuasive rhetoric in linguistics: A stylistic study of some features of the language of Noam Chomsky},
	Year = {2000},
	Bdsk-File-1 = {YnBsaXN0MDDUAQIDBAUGJCVYJHZlcnNpb25YJG9iamVjdHNZJGFyY2hpdmVyVCR0b3ASAAGGoKgHCBMUFRYaIVUkbnVsbNMJCgsMDxJXTlMua2V5c1pOUy5vYmplY3RzViRjbGFzc6INDoACgAOiEBGABIAFgAdccmVsYXRpdmVQYXRoWWFsaWFzRGF0YV8QOy4uLy4uLy4uL0RvY3VtZW50cy9BVEFST1MvUGVyc3Vhc2l2ZSBSaGV0b3JpYyAtIENob21za3kucGRm0hcLGBlXTlMuZGF0YU8RAdoAAAAAAdoAAgAADE1hY2ludG9zaCBIRAAAAAAAAAAAAAAAAAAAANEnvuRIKwAAAVEtrB9QZXJzdWFzaXZlIFJoZXRvcmljIzIxNjhCQTUucGRmAAAAAAAAAAAAAAAAAAAAAAAAAAAAAAAAAAAAAAAAAAACFoul1WhkSQAAAAAAAAAAAAMAAwAACSAAAAAAAAAAAAAAAAAAAAAGQVRBUk9TABAACAAA0SghVAAAABEACAAA1WjGuQAAAAEAEAFRLawACWGZAAk8vgAJGBYAAgBPTWFjaW50b3NoIEhEOlVzZXJzOgByb2xzdG9uOgBEb2N1bWVudHM6AEFUQVJPUzoAUGVyc3Vhc2l2ZSBSaGV0b3JpYyMyMTY4QkE1LnBkZgAADgBEACEAUABlAHIAcwB1AGEAcwBpAHYAZQAgAFIAaABlAHQAbwByAGkAYwAgAC0AIABDAGgAbwBtAHMAawB5AC4AcABkAGYADwAaAAwATQBhAGMAaQBuAHQAbwBzAGgAIABIAEQAEgBAVXNlcnMvcm9sc3Rvbi9Eb2N1bWVudHMvQVRBUk9TL1BlcnN1YXNpdmUgUmhldG9yaWMgLSBDaG9tc2t5LnBkZgATAAEvAAAVAAIADv//AACABtIbHB0eWiRjbGFzc25hbWVYJGNsYXNzZXNdTlNNdXRhYmxlRGF0YaMdHyBWTlNEYXRhWE5TT2JqZWN00hscIiNcTlNEaWN0aW9uYXJ5oiIgXxAPTlNLZXllZEFyY2hpdmVy0SYnVHJvb3SAAQAIABEAGgAjAC0AMgA3AEAARgBNAFUAYABnAGoAbABuAHEAcwB1AHcAhACOAMwA0QDZArcCuQK+AskC0gLgAuQC6wL0AvkDBgMJAxsDHgMjAAAAAAAAAgEAAAAAAAAAKAAAAAAAAAAAAAAAAAAAAyU=}}

@article{thompson2000evaluation,
	Author = {Thompson, Geoff and Hunston, Susan and others},
	Date-Added = {2017-06-15 23:19:28 +0000},
	Date-Modified = {2017-06-15 23:19:28 +0000},
	Journal = {Evaluation in text: Authorial stance and the construction of discourse},
	Pages = {1--27},
	Title = {Evaluation: an introduction},
	Volume = {27},
	Year = {2000},
	Bdsk-File-1 = {YnBsaXN0MDDUAQIDBAUGJCVYJHZlcnNpb25YJG9iamVjdHNZJGFyY2hpdmVyVCR0b3ASAAGGoKgHCBMUFRYaIVUkbnVsbNMJCgsMDxJXTlMua2V5c1pOUy5vYmplY3RzViRjbGFzc6INDoACgAOiEBGABIAFgAdccmVsYXRpdmVQYXRoWWFsaWFzRGF0YV8QOi4uLy4uLy4uL0RvY3VtZW50cy9BVEFST1MvRXZhbHVhdGlvbiAtIEFuIEludHJvZHVjdGlvbi5wZGbSFwsYGVdOUy5kYXRhTxEB2AAAAAAB2AACAAAMTWFjaW50b3NoIEhEAAAAAAAAAAAAAAAAAAAA0Se+5EgrAAABUS2sH0V2YWx1YXRpb24gLSBBbiBJbnQjMjE2OEE1Ni5wZGYAAAAAAAAAAAAAAAAAAAAAAAAAAAAAAAAAAAAAAAAAAAIWilbVaGODAAAAAAAAAAAAAwADAAAJIAAAAAAAAAAAAAAAAAAAAAZBVEFST1MAEAAIAADRKCFUAAAAEQAIAADVaMXzAAAAAQAQAVEtrAAJYZkACTy+AAkYFgACAE9NYWNpbnRvc2ggSEQ6VXNlcnM6AHJvbHN0b246AERvY3VtZW50czoAQVRBUk9TOgBFdmFsdWF0aW9uIC0gQW4gSW50IzIxNjhBNTYucGRmAAAOAEIAIABFAHYAYQBsAHUAYQB0AGkAbwBuACAALQAgAEEAbgAgAEkAbgB0AHIAbwBkAHUAYwB0AGkAbwBuAC4AcABkAGYADwAaAAwATQBhAGMAaQBuAHQAbwBzAGgAIABIAEQAEgA/VXNlcnMvcm9sc3Rvbi9Eb2N1bWVudHMvQVRBUk9TL0V2YWx1YXRpb24gLSBBbiBJbnRyb2R1Y3Rpb24ucGRmAAATAAEvAAAVAAIADv//AACABtIbHB0eWiRjbGFzc25hbWVYJGNsYXNzZXNdTlNNdXRhYmxlRGF0YaMdHyBWTlNEYXRhWE5TT2JqZWN00hscIiNcTlNEaWN0aW9uYXJ5oiIgXxAPTlNLZXllZEFyY2hpdmVy0SYnVHJvb3SAAQAIABEAGgAjAC0AMgA3AEAARgBNAFUAYABnAGoAbABuAHEAcwB1AHcAhACOAMsA0ADYArQCtgK7AsYCzwLdAuEC6ALxAvYDAwMGAxgDGwMgAAAAAAAAAgEAAAAAAAAAKAAAAAAAAAAAAAAAAAAAAyI=}}

@article{gales2017threatening,
	Author = {Gales, Tammy},
	Date-Added = {2017-06-15 19:37:15 +0000},
	Date-Modified = {2017-06-15 19:37:15 +0000},
	Journal = {Language and Law= Linguagem e Direito},
	Number = {2},
	Title = {Threatening Stances: a corpus analysis of realized vs. non-realized threats},
	Volume = {2},
	Year = {2017},
	Bdsk-File-1 = {YnBsaXN0MDDUAQIDBAUGJCVYJHZlcnNpb25YJG9iamVjdHNZJGFyY2hpdmVyVCR0b3ASAAGGoKgHCBMUFRYaIVUkbnVsbNMJCgsMDxJXTlMua2V5c1pOUy5vYmplY3RzViRjbGFzc6INDoACgAOiEBGABIAFgAdccmVsYXRpdmVQYXRoWWFsaWFzRGF0YV8QaS4uLy4uLy4uL0RvY3VtZW50cy9BVEFST1MvVGhyZWF0ZW5pbmcgU3RhbmNlcy0gQSBjb3JwdXMgYW5hbHlzaXMgb2YgcmVhbGl6ZWQgdnMuIG5vbi1yZWFsaXplZCB0aHJlYXRzLnBkZtIXCxgZV05TLmRhdGFPEQJkAAAAAAJkAAIAAAxNYWNpbnRvc2ggSEQAAAAAAAAAAAAAAAAAAADRJ77kSCsAAAFRLawfVGhyZWF0ZW5pbmcgU3RhbmNlcyMyMTY3NUFELnBkZgAAAAAAAAAAAAAAAAAAAAAAAAAAAAAAAAAAAAAAAAAAAhZ1rdVoL+QAAAAAAAAAAAADAAMAAAkgAAAAAAAAAAAAAAAAAAAABkFUQVJPUwAQAAgAANEoIVQAAAARAAgAANVoklQAAAABABABUS2sAAlhmQAJPL4ACRgWAAIAT01hY2ludG9zaCBIRDpVc2VyczoAcm9sc3RvbjoARG9jdW1lbnRzOgBBVEFST1M6AFRocmVhdGVuaW5nIFN0YW5jZXMjMjE2NzVBRC5wZGYAAA4AoABPAFQAaAByAGUAYQB0AGUAbgBpAG4AZwAgAFMAdABhAG4AYwBlAHMALQAgAEEAIABjAG8AcgBwAHUAcwAgAGEAbgBhAGwAeQBzAGkAcwAgAG8AZgAgAHIAZQBhAGwAaQB6AGUAZAAgAHYAcwAuACAAbgBvAG4ALQByAGUAYQBsAGkAegBlAGQAIAB0AGgAcgBlAGEAdABzAC4AcABkAGYADwAaAAwATQBhAGMAaQBuAHQAbwBzAGgAIABIAEQAEgBuVXNlcnMvcm9sc3Rvbi9Eb2N1bWVudHMvQVRBUk9TL1RocmVhdGVuaW5nIFN0YW5jZXMtIEEgY29ycHVzIGFuYWx5c2lzIG9mIHJlYWxpemVkIHZzLiBub24tcmVhbGl6ZWQgdGhyZWF0cy5wZGYAEwABLwAAFQACAA7//wAAgAbSGxwdHlokY2xhc3NuYW1lWCRjbGFzc2VzXU5TTXV0YWJsZURhdGGjHR8gVk5TRGF0YVhOU09iamVjdNIbHCIjXE5TRGljdGlvbmFyeaIiIF8QD05TS2V5ZWRBcmNoaXZlctEmJ1Ryb290gAEACAARABoAIwAtADIANwBAAEYATQBVAGAAZwBqAGwAbgBxAHMAdQB3AIQAjgD6AP8BBwNvA3EDdgOBA4oDmAOcA6MDrAOxA74DwQPTA9YD2wAAAAAAAAIBAAAAAAAAACgAAAAAAAAAAAAAAAAAAAPd}}

@article{pennebaker2007linguistic,
	Author = {Pennebaker, James W and Booth, Roger J and Francis, Martha E},
	Date-Added = {2017-06-15 17:23:51 +0000},
	Date-Modified = {2017-06-15 17:23:51 +0000},
	Journal = {Austin, TX: liwc. net},
	Title = {Linguistic inquiry and word count: LIWC [Computer software]},
	Year = {2007}}

@techreport{pennebaker2015development,
	Author = {Pennebaker, James W and Boyd, Ryan L and Jordan, Kayla and Blackburn, Kate},
	Date-Added = {2017-06-15 17:22:38 +0000},
	Date-Modified = {2017-06-15 17:22:38 +0000},
	Title = {The development and psychometric properties of LIWC2015},
	Year = {2015},
	Bdsk-File-1 = {YnBsaXN0MDDUAQIDBAUGJCVYJHZlcnNpb25YJG9iamVjdHNZJGFyY2hpdmVyVCR0b3ASAAGGoKgHCBMUFRYaIVUkbnVsbNMJCgsMDxJXTlMua2V5c1pOUy5vYmplY3RzViRjbGFzc6INDoACgAOiEBGABIAFgAdccmVsYXRpdmVQYXRoWWFsaWFzRGF0YV8QNS4uLy4uLy4uL0RvY3VtZW50cy9BVEFST1MvTElXQzIwMTVfTGFuZ3VhZ2VNYW51YWwucGRm0hcLGBlXTlMuZGF0YU8RAcQAAAAAAcQAAgAADE1hY2ludG9zaCBIRAAAAAAAAAAAAAAAAAAAANEnvuRIKwAAAVEtrBtMSVdDMjAxNV9MYW5ndWFnZU1hbnVhbC5wZGYAAAAAAAAAAAAAAAAAAAAAAAAAAAAAAAAAAAAAAAAAAAAAAAABVuIw08jrPAAAAAAAAAAAAAMAAwAACSAAAAAAAAAAAAAAAAAAAAAGQVRBUk9TABAACAAA0SghVAAAABEACAAA08lNrAAAAAEAEAFRLawACWGZAAk8vgAJGBYAAgBLTWFjaW50b3NoIEhEOlVzZXJzOgByb2xzdG9uOgBEb2N1bWVudHM6AEFUQVJPUzoATElXQzIwMTVfTGFuZ3VhZ2VNYW51YWwucGRmAAAOADgAGwBMAEkAVwBDADIAMAAxADUAXwBMAGEAbgBnAHUAYQBnAGUATQBhAG4AdQBhAGwALgBwAGQAZgAPABoADABNAGEAYwBpAG4AdABvAHMAaAAgAEgARAASADpVc2Vycy9yb2xzdG9uL0RvY3VtZW50cy9BVEFST1MvTElXQzIwMTVfTGFuZ3VhZ2VNYW51YWwucGRmABMAAS8AABUAAgAO//8AAIAG0hscHR5aJGNsYXNzbmFtZVgkY2xhc3Nlc11OU011dGFibGVEYXRhox0fIFZOU0RhdGFYTlNPYmplY3TSGxwiI1xOU0RpY3Rpb25hcnmiIiBfEA9OU0tleWVkQXJjaGl2ZXLRJidUcm9vdIABAAgAEQAaACMALQAyADcAQABGAE0AVQBgAGcAagBsAG4AcQBzAHUAdwCEAI4AxgDLANMCmwKdAqICrQK2AsQCyALPAtgC3QLqAu0C/wMCAwcAAAAAAAACAQAAAAAAAAAoAAAAAAAAAAAAAAAAAAADCQ==}}

@inproceedings{jurafsky2009extracting,
	Author = {Jurafsky, Dan and Ranganath, Rajesh and McFarland, Dan},
	Booktitle = {Proceedings of Human Language Technologies: The 2009 Annual Conference of the North American Chapter of the Association for Computational Linguistics},
	Date-Added = {2017-06-14 23:47:03 +0000},
	Date-Modified = {2017-06-14 23:47:03 +0000},
	Organization = {Association for Computational Linguistics},
	Pages = {638--646},
	Title = {Extracting social meaning: Identifying interactional style in spoken conversation},
	Year = {2009},
	Bdsk-File-1 = {YnBsaXN0MDDUAQIDBAUGJCVYJHZlcnNpb25YJG9iamVjdHNZJGFyY2hpdmVyVCR0b3ASAAGGoKgHCBMUFRYaIVUkbnVsbNMJCgsMDxJXTlMua2V5c1pOUy5vYmplY3RzViRjbGFzc6INDoACgAOiEBGABIAFgAdccmVsYXRpdmVQYXRoWWFsaWFzRGF0YV8QeC4uLy4uLy4uL0RvY3VtZW50cy9BVEFST1MvanVyYWZza3kgRXh0cmFjdGluZyBTb2NpYWwgTWVhbmluZy0gSWRlbnRpZnlpbmcgSW50ZXJhY3Rpb25hbCBTdHlsZSBpbiBTcG9rZW4gQ29udmVyc2F0aW9uLnBkZtIXCxgZV05TLmRhdGFPEQKSAAAAAAKSAAIAAAxNYWNpbnRvc2ggSEQAAAAAAAAAAAAAAAAAAADRJ77kSCsAAAFRLawfanVyYWZza3kgRXh0cmFjdGluZyMyMTY1MkFBLnBkZgAAAAAAAAAAAAAAAAAAAAAAAAAAAAAAAAAAAAAAAAAAAhZSqtVnGTgAAAAAAAAAAAADAAMAAAkgAAAAAAAAAAAAAAAAAAAABkFUQVJPUwAQAAgAANEoIVQAAAARAAgAANVne6gAAAABABABUS2sAAlhmQAJPL4ACRgWAAIAT01hY2ludG9zaCBIRDpVc2VyczoAcm9sc3RvbjoARG9jdW1lbnRzOgBBVEFST1M6AGp1cmFmc2t5IEV4dHJhY3RpbmcjMjE2NTJBQS5wZGYAAA4AvgBeAGoAdQByAGEAZgBzAGsAeQAgAEUAeAB0AHIAYQBjAHQAaQBuAGcAIABTAG8AYwBpAGEAbAAgAE0AZQBhAG4AaQBuAGcALQAgAEkAZABlAG4AdABpAGYAeQBpAG4AZwAgAEkAbgB0AGUAcgBhAGMAdABpAG8AbgBhAGwAIABTAHQAeQBsAGUAIABpAG4AIABTAHAAbwBrAGUAbgAgAEMAbwBuAHYAZQByAHMAYQB0AGkAbwBuAC4AcABkAGYADwAaAAwATQBhAGMAaQBuAHQAbwBzAGgAIABIAEQAEgB9VXNlcnMvcm9sc3Rvbi9Eb2N1bWVudHMvQVRBUk9TL2p1cmFmc2t5IEV4dHJhY3RpbmcgU29jaWFsIE1lYW5pbmctIElkZW50aWZ5aW5nIEludGVyYWN0aW9uYWwgU3R5bGUgaW4gU3Bva2VuIENvbnZlcnNhdGlvbi5wZGYAABMAAS8AABUAAgAO//8AAIAG0hscHR5aJGNsYXNzbmFtZVgkY2xhc3Nlc11OU011dGFibGVEYXRhox0fIFZOU0RhdGFYTlNPYmplY3TSGxwiI1xOU0RpY3Rpb25hcnmiIiBfEA9OU0tleWVkQXJjaGl2ZXLRJidUcm9vdIABAAgAEQAaACMALQAyADcAQABGAE0AVQBgAGcAagBsAG4AcQBzAHUAdwCEAI4BCQEOARYDrAOuA7MDvgPHA9UD2QPgA+kD7gP7A/4EEAQTBBgAAAAAAAACAQAAAAAAAAAoAAAAAAAAAAAAAAAAAAAEGg==}}

@article{pennebaker2014small,
	Author = {Pennebaker, James W and Chung, Cindy K and Frazee, Joey and Lavergne, Gary M and Beaver, David I},
	Date-Added = {2017-06-14 22:54:31 +0000},
	Date-Modified = {2017-06-14 23:24:19 +0000},
	Journal = {PloS one},
	Number = {12},
	Pages = {e115844},
	Publisher = {Public Library of Science},
	Read = {1},
	Title = {When small words foretell academic success: The case of college admissions essays},
	Volume = {9},
	Year = {2014},
	Bdsk-File-1 = {YnBsaXN0MDDUAQIDBAUGJCVYJHZlcnNpb25YJG9iamVjdHNZJGFyY2hpdmVyVCR0b3ASAAGGoKgHCBMUFRYaIVUkbnVsbNMJCgsMDxJXTlMua2V5c1pOUy5vYmplY3RzViRjbGFzc6INDoACgAOiEBGABIAFgAdccmVsYXRpdmVQYXRoWWFsaWFzRGF0YV8QLS4uLy4uLy4uL0RvY3VtZW50cy9BVEFST1MvYW5hbHl0aWNhbF9hbGdvLnBkZtIXCxgZV05TLmRhdGFPEQGkAAAAAAGkAAIAAAxNYWNpbnRvc2ggSEQAAAAAAAAAAAAAAAAAAADRJ77kSCsAAAFRLawTYW5hbHl0aWNhbF9hbGdvLnBkZgAAAAAAAAAAAAAAAAAAAAAAAAAAAAAAAAAAAAAAAAAAAAAAAAAAAAAAAAAAAbWNQNSYVPkAAAAAAAAAAAADAAMAAAkgAAAAAAAAAAAAAAAAAAAABkFUQVJPUwAQAAgAANEoIVQAAAARAAgAANSYxXkAAAABABABUS2sAAlhmQAJPL4ACRgWAAIAQ01hY2ludG9zaCBIRDpVc2VyczoAcm9sc3RvbjoARG9jdW1lbnRzOgBBVEFST1M6AGFuYWx5dGljYWxfYWxnby5wZGYAAA4AKAATAGEAbgBhAGwAeQB0AGkAYwBhAGwAXwBhAGwAZwBvAC4AcABkAGYADwAaAAwATQBhAGMAaQBuAHQAbwBzAGgAIABIAEQAEgAyVXNlcnMvcm9sc3Rvbi9Eb2N1bWVudHMvQVRBUk9TL2FuYWx5dGljYWxfYWxnby5wZGYAEwABLwAAFQACAA7//wAAgAbSGxwdHlokY2xhc3NuYW1lWCRjbGFzc2VzXU5TTXV0YWJsZURhdGGjHR8gVk5TRGF0YVhOU09iamVjdNIbHCIjXE5TRGljdGlvbmFyeaIiIF8QD05TS2V5ZWRBcmNoaXZlctEmJ1Ryb290gAEACAARABoAIwAtADIANwBAAEYATQBVAGAAZwBqAGwAbgBxAHMAdQB3AIQAjgC+AMMAywJzAnUCegKFAo4CnAKgAqcCsAK1AsICxQLXAtoC3wAAAAAAAAIBAAAAAAAAACgAAAAAAAAAAAAAAAAAAALh}}

@article{newman2003lying,
	Author = {Newman, Matthew L and Pennebaker, James W and Berry, Diane S and Richards, Jane M},
	Date-Added = {2017-06-14 19:20:01 +0000},
	Date-Modified = {2017-06-14 19:20:01 +0000},
	Journal = {Personality and social psychology bulletin},
	Number = {5},
	Pages = {665--675},
	Publisher = {Sage Publications},
	Title = {Lying words: Predicting deception from linguistic styles},
	Volume = {29},
	Year = {2003},
	Bdsk-File-1 = {YnBsaXN0MDDUAQIDBAUGJCVYJHZlcnNpb25YJG9iamVjdHNZJGFyY2hpdmVyVCR0b3ASAAGGoKgHCBMUFRYaIVUkbnVsbNMJCgsMDxJXTlMua2V5c1pOUy5vYmplY3RzViRjbGFzc6INDoACgAOiEBGABIAFgAdccmVsYXRpdmVQYXRoWWFsaWFzRGF0YV8QLy4uLy4uLy4uL0RvY3VtZW50cy9BVEFST1MvYXV0aGVudGljaXR5X2FsZ28ucGRm0hcLGBlXTlMuZGF0YU8RAawAAAAAAawAAgAADE1hY2ludG9zaCBIRAAAAAAAAAAAAAAAAAAAANEnvuRIKwAAAVEtrBVhdXRoZW50aWNpdHlfYWxnby5wZGYAAAAAAAAAAAAAAAAAAAAAAAAAAAAAAAAAAAAAAAAAAAAAAAAAAAAAAAABtY7g1JhVmAAAAAAAAAAAAAMAAwAACSAAAAAAAAAAAAAAAAAAAAAGQVRBUk9TABAACAAA0SghVAAAABEACAAA1JjGGAAAAAEAEAFRLawACWGZAAk8vgAJGBYAAgBFTWFjaW50b3NoIEhEOlVzZXJzOgByb2xzdG9uOgBEb2N1bWVudHM6AEFUQVJPUzoAYXV0aGVudGljaXR5X2FsZ28ucGRmAAAOACwAFQBhAHUAdABoAGUAbgB0AGkAYwBpAHQAeQBfAGEAbABnAG8ALgBwAGQAZgAPABoADABNAGEAYwBpAG4AdABvAHMAaAAgAEgARAASADRVc2Vycy9yb2xzdG9uL0RvY3VtZW50cy9BVEFST1MvYXV0aGVudGljaXR5X2FsZ28ucGRmABMAAS8AABUAAgAO//8AAIAG0hscHR5aJGNsYXNzbmFtZVgkY2xhc3Nlc11OU011dGFibGVEYXRhox0fIFZOU0RhdGFYTlNPYmplY3TSGxwiI1xOU0RpY3Rpb25hcnmiIiBfEA9OU0tleWVkQXJjaGl2ZXLRJidUcm9vdIABAAgAEQAaACMALQAyADcAQABGAE0AVQBgAGcAagBsAG4AcQBzAHUAdwCEAI4AwADFAM0CfQJ/AoQCjwKYAqYCqgKxAroCvwLMAs8C4QLkAukAAAAAAAACAQAAAAAAAAAoAAAAAAAAAAAAAAAAAAAC6w==}}

@article{kacewicz2014pronoun,
	Author = {Kacewicz, Ewa and Pennebaker, James W and Davis, Matthew and Jeon, Moongee and Graesser, Arthur C},
	Date-Added = {2017-06-14 18:06:07 +0000},
	Date-Modified = {2017-06-14 18:06:07 +0000},
	Journal = {Journal of Language and Social Psychology},
	Number = {2},
	Pages = {125--143},
	Publisher = {Sage Publications Sage CA: Los Angeles, CA},
	Title = {Pronoun use reflects standings in social hierarchies},
	Volume = {33},
	Year = {2014},
	Bdsk-File-1 = {YnBsaXN0MDDUAQIDBAUGJCVYJHZlcnNpb25YJG9iamVjdHNZJGFyY2hpdmVyVCR0b3ASAAGGoKgHCBMUFRYaIVUkbnVsbNMJCgsMDxJXTlMua2V5c1pOUy5vYmplY3RzViRjbGFzc6INDoACgAOiEBGABIAFgAdccmVsYXRpdmVQYXRoWWFsaWFzRGF0YV8QKC4uLy4uLy4uL0RvY3VtZW50cy9BVEFST1MvY2xvdXRfYWxnby5wZGbSFwsYGVdOUy5kYXRhTxEBkAAAAAABkAACAAAMTWFjaW50b3NoIEhEAAAAAAAAAAAAAAAAAAAA0Se+5EgrAAABUS2sDmNsb3V0X2FsZ28ucGRmAAAAAAAAAAAAAAAAAAAAAAAAAAAAAAAAAAAAAAAAAAAAAAAAAAAAAAAAAAAAAAAAAAG1jnbUmFVlAAAAAAAAAAAAAwADAAAJIAAAAAAAAAAAAAAAAAAAAAZBVEFST1MAEAAIAADRKCFUAAAAEQAIAADUmMXlAAAAAQAQAVEtrAAJYZkACTy+AAkYFgACAD5NYWNpbnRvc2ggSEQ6VXNlcnM6AHJvbHN0b246AERvY3VtZW50czoAQVRBUk9TOgBjbG91dF9hbGdvLnBkZgAOAB4ADgBjAGwAbwB1AHQAXwBhAGwAZwBvAC4AcABkAGYADwAaAAwATQBhAGMAaQBuAHQAbwBzAGgAIABIAEQAEgAtVXNlcnMvcm9sc3Rvbi9Eb2N1bWVudHMvQVRBUk9TL2Nsb3V0X2FsZ28ucGRmAAATAAEvAAAVAAIADv//AACABtIbHB0eWiRjbGFzc25hbWVYJGNsYXNzZXNdTlNNdXRhYmxlRGF0YaMdHyBWTlNEYXRhWE5TT2JqZWN00hscIiNcTlNEaWN0aW9uYXJ5oiIgXxAPTlNLZXllZEFyY2hpdmVy0SYnVHJvb3SAAQAIABEAGgAjAC0AMgA3AEAARgBNAFUAYABnAGoAbABuAHEAcwB1AHcAhACOALkAvgDGAloCXAJhAmwCdQKDAocCjgKXApwCqQKsAr4CwQLGAAAAAAAAAgEAAAAAAAAAKAAAAAAAAAAAAAAAAAAAAsg=}}

@inproceedings{freeman2015prosody,
	Author = {Freeman, Valerie and Wright, Richard and Levow, Gina-Anne},
	Booktitle = {LSA Annual Meeting Extended Abstracts},
	Date-Added = {2017-06-13 21:53:38 +0000},
	Date-Modified = {2017-06-13 21:53:38 +0000},
	Pages = {6--1},
	Title = {The prosody of negative `yeah'},
	Volume = {6},
	Year = {2015},
	Bdsk-File-1 = {YnBsaXN0MDDUAQIDBAUGJCVYJHZlcnNpb25YJG9iamVjdHNZJGFyY2hpdmVyVCR0b3ASAAGGoKgHCBMUFRYaIVUkbnVsbNMJCgsMDxJXTlMua2V5c1pOUy5vYmplY3RzViRjbGFzc6INDoACgAOiEBGABIAFgAdccmVsYXRpdmVQYXRoWWFsaWFzRGF0YV8QRS4uLy4uLy4uL0RvY3VtZW50cy9BVEFST1MvRnJlZW1hbi1ldGFsXzIwMTVfTFNBX2V4dGVuZGVkLWFic3RyYWN0LnBkZtIXCxgZV05TLmRhdGFPEQH4AAAAAAH4AAIAAAxNYWNpbnRvc2ggSEQAAAAAAAAAAAAAAAAAAADRJ77kSCsAAAFRLawfRnJlZW1hbi1ldGFsXzIwMTVfTCMxNTEyRTYzLnBkZgAAAAAAAAAAAAAAAAAAAAAAAAAAAAAAAAAAAAAAAAAAAVEuY9Or8I0AAAAAAAAAAAADAAMAAAkgAAAAAAAAAAAAAAAAAAAABkFUQVJPUwAQAAgAANEoIVQAAAARAAgAANOsUv0AAAABABABUS2sAAlhmQAJPL4ACRgWAAIAT01hY2ludG9zaCBIRDpVc2VyczoAcm9sc3RvbjoARG9jdW1lbnRzOgBBVEFST1M6AEZyZWVtYW4tZXRhbF8yMDE1X0wjMTUxMkU2My5wZGYAAA4AWAArAEYAcgBlAGUAbQBhAG4ALQBlAHQAYQBsAF8AMgAwADEANQBfAEwAUwBBAF8AZQB4AHQAZQBuAGQAZQBkAC0AYQBiAHMAdAByAGEAYwB0AC4AcABkAGYADwAaAAwATQBhAGMAaQBuAHQAbwBzAGgAIABIAEQAEgBKVXNlcnMvcm9sc3Rvbi9Eb2N1bWVudHMvQVRBUk9TL0ZyZWVtYW4tZXRhbF8yMDE1X0xTQV9leHRlbmRlZC1hYnN0cmFjdC5wZGYAEwABLwAAFQACAA7//wAAgAbSGxwdHlokY2xhc3NuYW1lWCRjbGFzc2VzXU5TTXV0YWJsZURhdGGjHR8gVk5TRGF0YVhOU09iamVjdNIbHCIjXE5TRGljdGlvbmFyeaIiIF8QD05TS2V5ZWRBcmNoaXZlctEmJ1Ryb290gAEACAARABoAIwAtADIANwBAAEYATQBVAGAAZwBqAGwAbgBxAHMAdQB3AIQAjgDWANsA4wLfAuEC5gLxAvoDCAMMAxMDHAMhAy4DMQNDA0YDSwAAAAAAAAIBAAAAAAAAACgAAAAAAAAAAAAAAAAAAANN}}

@article{freeman2014hyperarticulation,
	Author = {Freeman, Valerie},
	Date-Added = {2017-06-13 21:31:51 +0000},
	Date-Modified = {2017-06-13 21:31:51 +0000},
	Journal = {Journal of Phonetics},
	Pages = {1--11},
	Publisher = {Elsevier},
	Title = {Hyperarticulation as a signal of stance},
	Volume = {45},
	Year = {2014},
	Bdsk-File-1 = {YnBsaXN0MDDUAQIDBAUGJCVYJHZlcnNpb25YJG9iamVjdHNZJGFyY2hpdmVyVCR0b3ASAAGGoKgHCBMUFRYaIVUkbnVsbNMJCgsMDxJXTlMua2V5c1pOUy5vYmplY3RzViRjbGFzc6INDoACgAOiEBGABIAFgAdccmVsYXRpdmVQYXRoWWFsaWFzRGF0YV8QNi4uLy4uLy4uL0RvY3VtZW50cy9BVEFST1MvRnJlZW1hbl8yMDE0X0pQaG9uLXBhcGVyLnBkZtIXCxgZV05TLmRhdGFPEQHIAAAAAAHIAAIAAAxNYWNpbnRvc2ggSEQAAAAAAAAAAAAAAAAAAADRJ77kSCsAAAFRLawcRnJlZW1hbl8yMDE0X0pQaG9uLXBhcGVyLnBkZgAAAAAAAAAAAAAAAAAAAAAAAAAAAAAAAAAAAAAAAAAAAAAAAVEutNOr8NoAAAAAAAAAAAADAAMAAAkgAAAAAAAAAAAAAAAAAAAABkFUQVJPUwAQAAgAANEoIVQAAAARAAgAANOsU0oAAAABABABUS2sAAlhmQAJPL4ACRgWAAIATE1hY2ludG9zaCBIRDpVc2VyczoAcm9sc3RvbjoARG9jdW1lbnRzOgBBVEFST1M6AEZyZWVtYW5fMjAxNF9KUGhvbi1wYXBlci5wZGYADgA6ABwARgByAGUAZQBtAGEAbgBfADIAMAAxADQAXwBKAFAAaABvAG4ALQBwAGEAcABlAHIALgBwAGQAZgAPABoADABNAGEAYwBpAG4AdABvAHMAaAAgAEgARAASADtVc2Vycy9yb2xzdG9uL0RvY3VtZW50cy9BVEFST1MvRnJlZW1hbl8yMDE0X0pQaG9uLXBhcGVyLnBkZgAAEwABLwAAFQACAA7//wAAgAbSGxwdHlokY2xhc3NuYW1lWCRjbGFzc2VzXU5TTXV0YWJsZURhdGGjHR8gVk5TRGF0YVhOU09iamVjdNIbHCIjXE5TRGljdGlvbmFyeaIiIF8QD05TS2V5ZWRBcmNoaXZlctEmJ1Ryb290gAEACAARABoAIwAtADIANwBAAEYATQBVAGAAZwBqAGwAbgBxAHMAdQB3AIQAjgDHAMwA1AKgAqICpwKyArsCyQLNAtQC3QLiAu8C8gMEAwcDDAAAAAAAAAIBAAAAAAAAACgAAAAAAAAAAAAAAAAAAAMO}}

@article{kiesling2009style,
	Author = {Kiesling, Scott Fabius},
	Date-Added = {2017-06-13 01:55:01 +0000},
	Date-Modified = {2017-06-13 01:55:01 +0000},
	Journal = {Stance: sociolinguistic perspectives},
	Publisher = {Oxford University Press Oxford},
	Title = {Style as stance},
	Volume = {171},
	Year = {2009},
	Bdsk-File-1 = {YnBsaXN0MDDUAQIDBAUGJCVYJHZlcnNpb25YJG9iamVjdHNZJGFyY2hpdmVyVCR0b3ASAAGGoKgHCBMUFRYaIVUkbnVsbNMJCgsMDxJXTlMua2V5c1pOUy5vYmplY3RzViRjbGFzc6INDoACgAOiEBGABIAFgAdccmVsYXRpdmVQYXRoWWFsaWFzRGF0YV8QOC4uLy4uLy4uL0RvY3VtZW50cy9BVEFST1MvS2llc2xpbmcgLSBTdHlsZSBhcyBTdGFuY2UucGRm0hcLGBlXTlMuZGF0YU8RAdAAAAAAAdAAAgAADE1hY2ludG9zaCBIRAAAAAAAAAAAAAAAAAAAANEnvuRIKwAAAVEtrB5LaWVzbGluZyAtIFN0eWxlIGFzIFN0YW5jZS5wZGYAAAAAAAAAAAAAAAAAAAAAAAAAAAAAAAAAAAAAAAAAAAACFFxs1WSTygAAAAAAAAAAAAMAAwAACSAAAAAAAAAAAAAAAAAAAAAGQVRBUk9TABAACAAA0SghVAAAABEACAAA1WT2OgAAAAEAEAFRLawACWGZAAk8vgAJGBYAAgBOTWFjaW50b3NoIEhEOlVzZXJzOgByb2xzdG9uOgBEb2N1bWVudHM6AEFUQVJPUzoAS2llc2xpbmcgLSBTdHlsZSBhcyBTdGFuY2UucGRmAA4APgAeAEsAaQBlAHMAbABpAG4AZwAgAC0AIABTAHQAeQBsAGUAIABhAHMAIABTAHQAYQBuAGMAZQAuAHAAZABmAA8AGgAMAE0AYQBjAGkAbgB0AG8AcwBoACAASABEABIAPVVzZXJzL3JvbHN0b24vRG9jdW1lbnRzL0FUQVJPUy9LaWVzbGluZyAtIFN0eWxlIGFzIFN0YW5jZS5wZGYAABMAAS8AABUAAgAO//8AAIAG0hscHR5aJGNsYXNzbmFtZVgkY2xhc3Nlc11OU011dGFibGVEYXRhox0fIFZOU0RhdGFYTlNPYmplY3TSGxwiI1xOU0RpY3Rpb25hcnmiIiBfEA9OU0tleWVkQXJjaGl2ZXLRJidUcm9vdIABAAgAEQAaACMALQAyADcAQABGAE0AVQBgAGcAagBsAG4AcQBzAHUAdwCEAI4AyQDOANYCqgKsArECvALFAtMC1wLeAucC7AL5AvwDDgMRAxYAAAAAAAACAQAAAAAAAAAoAAAAAAAAAAAAAAAAAAADGA==}}

@article{johnstone2009stance,
	Author = {Johnstone, Barbara},
	Date-Added = {2017-06-13 01:53:13 +0000},
	Date-Modified = {2017-06-13 01:53:13 +0000},
	Journal = {Stance: sociolinguistic perspectives},
	Pages = {29--52},
	Publisher = {Oxford University Press Oxford},
	Title = {Stance, style, and the linguistic individual},
	Year = {2009},
	Bdsk-File-1 = {YnBsaXN0MDDUAQIDBAUGJCVYJHZlcnNpb25YJG9iamVjdHNZJGFyY2hpdmVyVCR0b3ASAAGGoKgHCBMUFRYaIVUkbnVsbNMJCgsMDxJXTlMua2V5c1pOUy5vYmplY3RzViRjbGFzc6INDoACgAOiEBGABIAFgAdccmVsYXRpdmVQYXRoWWFsaWFzRGF0YV8QVi4uLy4uLy4uL0RvY3VtZW50cy9BVEFST1MvSm9obnN0b25lIC0gU3RhbmNlLCBTdHlsZSwgYW5kIHRoZSBMaW5ndWlzdGljIEluZGl2aWR1YWwucGRm0hcLGBlXTlMuZGF0YU8RAiwAAAAAAiwAAgAADE1hY2ludG9zaCBIRAAAAAAAAAAAAAAAAAAAANEnvuRIKwAAAVEtrB9Kb2huc3RvbmUgLSBTdGFuY2UsIzIxNDVCQzIucGRmAAAAAAAAAAAAAAAAAAAAAAAAAAAAAAAAAAAAAAAAAAACFFvC1WSTSAAAAAAAAAAAAAMAAwAACSAAAAAAAAAAAAAAAAAAAAAGQVRBUk9TABAACAAA0SghVAAAABEACAAA1WT1uAAAAAEAEAFRLawACWGZAAk8vgAJGBYAAgBPTWFjaW50b3NoIEhEOlVzZXJzOgByb2xzdG9uOgBEb2N1bWVudHM6AEFUQVJPUzoASm9obnN0b25lIC0gU3RhbmNlLCMyMTQ1QkMyLnBkZgAADgB6ADwASgBvAGgAbgBzAHQAbwBuAGUAIAAtACAAUwB0AGEAbgBjAGUALAAgAFMAdAB5AGwAZQAsACAAYQBuAGQAIAB0AGgAZQAgAEwAaQBuAGcAdQBpAHMAdABpAGMAIABJAG4AZABpAHYAaQBkAHUAYQBsAC4AcABkAGYADwAaAAwATQBhAGMAaQBuAHQAbwBzAGgAIABIAEQAEgBbVXNlcnMvcm9sc3Rvbi9Eb2N1bWVudHMvQVRBUk9TL0pvaG5zdG9uZSAtIFN0YW5jZSwgU3R5bGUsIGFuZCB0aGUgTGluZ3Vpc3RpYyBJbmRpdmlkdWFsLnBkZgAAEwABLwAAFQACAA7//wAAgAbSGxwdHlokY2xhc3NuYW1lWCRjbGFzc2VzXU5TTXV0YWJsZURhdGGjHR8gVk5TRGF0YVhOU09iamVjdNIbHCIjXE5TRGljdGlvbmFyeaIiIF8QD05TS2V5ZWRBcmNoaXZlctEmJ1Ryb290gAEACAARABoAIwAtADIANwBAAEYATQBVAGAAZwBqAGwAbgBxAHMAdQB3AIQAjgDnAOwA9AMkAyYDKwM2Az8DTQNRA1gDYQNmA3MDdgOIA4sDkAAAAAAAAAIBAAAAAAAAACgAAAAAAAAAAAAAAAAAAAOS}}

@misc{jaffe2009introduction,
	Author = {Jaffe, Alexandra},
	Date-Added = {2017-06-13 01:50:51 +0000},
	Date-Modified = {2017-06-13 01:50:51 +0000},
	Publisher = {Oxford: Oxford University Press},
	Title = {Introduction. The sociolinguistics of stance.--Alexandra Jaffe (toim.), Stance. Sociolinguistic perspectives s. 3--28},
	Year = {2009},
	Bdsk-File-1 = {YnBsaXN0MDDUAQIDBAUGJCVYJHZlcnNpb25YJG9iamVjdHNZJGFyY2hpdmVyVCR0b3ASAAGGoKgHCBMUFRYaIVUkbnVsbNMJCgsMDxJXTlMua2V5c1pOUy5vYmplY3RzViRjbGFzc6INDoACgAOiEBGABIAFgAdccmVsYXRpdmVQYXRoWWFsaWFzRGF0YV8QQC4uLy4uLy4uL0RvY3VtZW50cy9BVEFST1MvSmFmZmUgLSBTb2Npb2xpbmd1aXN0aWNzIG9mIFN0YW5jZS5wZGbSFwsYGVdOUy5kYXRhTxEB6gAAAAAB6gACAAAMTWFjaW50b3NoIEhEAAAAAAAAAAAAAAAAAAAA0Se+5EgrAAABUS2sH0phZmZlIC0gU29jaW9saW5ndWkjMjE0NUE2Ny5wZGYAAAAAAAAAAAAAAAAAAAAAAAAAAAAAAAAAAAAAAAAAAAIUWmfVZJKKAAAAAAAAAAAAAwADAAAJIAAAAAAAAAAAAAAAAAAAAAZBVEFST1MAEAAIAADRKCFUAAAAEQAIAADVZPT6AAAAAQAQAVEtrAAJYZkACTy+AAkYFgACAE9NYWNpbnRvc2ggSEQ6VXNlcnM6AHJvbHN0b246AERvY3VtZW50czoAQVRBUk9TOgBKYWZmZSAtIFNvY2lvbGluZ3VpIzIxNDVBNjcucGRmAAAOAE4AJgBKAGEAZgBmAGUAIAAtACAAUwBvAGMAaQBvAGwAaQBuAGcAdQBpAHMAdABpAGMAcwAgAG8AZgAgAFMAdABhAG4AYwBlAC4AcABkAGYADwAaAAwATQBhAGMAaQBuAHQAbwBzAGgAIABIAEQAEgBFVXNlcnMvcm9sc3Rvbi9Eb2N1bWVudHMvQVRBUk9TL0phZmZlIC0gU29jaW9saW5ndWlzdGljcyBvZiBTdGFuY2UucGRmAAATAAEvAAAVAAIADv//AACABtIbHB0eWiRjbGFzc25hbWVYJGNsYXNzZXNdTlNNdXRhYmxlRGF0YaMdHyBWTlNEYXRhWE5TT2JqZWN00hscIiNcTlNEaWN0aW9uYXJ5oiIgXxAPTlNLZXllZEFyY2hpdmVy0SYnVHJvb3SAAQAIABEAGgAjAC0AMgA3AEAARgBNAFUAYABnAGoAbABuAHEAcwB1AHcAhACOANEA1gDeAswCzgLTAt4C5wL1AvkDAAMJAw4DGwMeAzADMwM4AAAAAAAAAgEAAAAAAAAAKAAAAAAAAAAAAAAAAAAAAzo=}}

@article{pennebaker1999linguistic,
	Author = {Pennebaker, James W and King, Laura A},
	Date-Added = {2017-06-11 20:57:36 +0000},
	Date-Modified = {2017-06-11 20:57:36 +0000},
	Journal = {Journal of personality and social psychology},
	Number = {6},
	Pages = {1296},
	Publisher = {American Psychological Association},
	Title = {Linguistic styles: language use as an individual difference.},
	Volume = {77},
	Year = {1999},
	Bdsk-File-1 = {YnBsaXN0MDDUAQIDBAUGJCVYJHZlcnNpb25YJG9iamVjdHNZJGFyY2hpdmVyVCR0b3ASAAGGoKgHCBMUFRYaIVUkbnVsbNMJCgsMDxJXTlMua2V5c1pOUy5vYmplY3RzViRjbGFzc6INDoACgAOiEBGABIAFgAdccmVsYXRpdmVQYXRoWWFsaWFzRGF0YV8QWC4uLy4uLy4uL0RvY3VtZW50cy9BVEFST1MvTGluZ3Vpc3RpYyBzdHlsZXMtTGFuZ3VhZ2UgdXNlIGFzIGFuIGluZGl2aWR1YWwgZGlmZmVyZW5jZS5wZGbSFwsYGVdOUy5kYXRhTxECMgAAAAACMgACAAAMTWFjaW50b3NoIEhEAAAAAAAAAAAAAAAAAAAA0Se+5EgrAAABUS2sH0xpbmd1aXN0aWMgc3R5bGVzLUwjMjEzRTQzRC5wZGYAAAAAAAAAAAAAAAAAAAAAAAAAAAAAAAAAAAAAAAAAAAIT5D3VYvyQAAAAAAAAAAAAAwADAAAJIAAAAAAAAAAAAAAAAAAAAAZBVEFST1MAEAAIAADRKCFUAAAAEQAIAADVY18AAAAAAQAQAVEtrAAJYZkACTy+AAkYFgACAE9NYWNpbnRvc2ggSEQ6VXNlcnM6AHJvbHN0b246AERvY3VtZW50czoAQVRBUk9TOgBMaW5ndWlzdGljIHN0eWxlcy1MIzIxM0U0M0QucGRmAAAOAH4APgBMAGkAbgBnAHUAaQBzAHQAaQBjACAAcwB0AHkAbABlAHMALQBMAGEAbgBnAHUAYQBnAGUAIAB1AHMAZQAgAGEAcwAgAGEAbgAgAGkAbgBkAGkAdgBpAGQAdQBhAGwAIABkAGkAZgBmAGUAcgBlAG4AYwBlAC4AcABkAGYADwAaAAwATQBhAGMAaQBuAHQAbwBzAGgAIABIAEQAEgBdVXNlcnMvcm9sc3Rvbi9Eb2N1bWVudHMvQVRBUk9TL0xpbmd1aXN0aWMgc3R5bGVzLUxhbmd1YWdlIHVzZSBhcyBhbiBpbmRpdmlkdWFsIGRpZmZlcmVuY2UucGRmAAATAAEvAAAVAAIADv//AACABtIbHB0eWiRjbGFzc25hbWVYJGNsYXNzZXNdTlNNdXRhYmxlRGF0YaMdHyBWTlNEYXRhWE5TT2JqZWN00hscIiNcTlNEaWN0aW9uYXJ5oiIgXxAPTlNLZXllZEFyY2hpdmVy0SYnVHJvb3SAAQAIABEAGgAjAC0AMgA3AEAARgBNAFUAYABnAGoAbABuAHEAcwB1AHcAhACOAOkA7gD2AywDLgMzAz4DRwNVA1kDYANpA24DewN+A5ADkwOYAAAAAAAAAgEAAAAAAAAAKAAAAAAAAAAAAAAAAAAAA5o=}}

@article{niederhoffer2002linguistic,
	Author = {Niederhoffer, Kate G and Pennebaker, James W},
	Date-Added = {2017-06-10 21:58:01 +0000},
	Date-Modified = {2017-06-10 21:58:01 +0000},
	Journal = {Journal of Language and Social Psychology},
	Number = {4},
	Pages = {337--360},
	Publisher = {Sage Publications},
	Title = {Linguistic style matching in social interaction},
	Volume = {21},
	Year = {2002},
	Bdsk-File-1 = {YnBsaXN0MDDUAQIDBAUGJCVYJHZlcnNpb25YJG9iamVjdHNZJGFyY2hpdmVyVCR0b3ASAAGGoKgHCBMUFRYaIVUkbnVsbNMJCgsMDxJXTlMua2V5c1pOUy5vYmplY3RzViRjbGFzc6INDoACgAOiEBGABIAFgAdccmVsYXRpdmVQYXRoWWFsaWFzRGF0YV8QTS4uLy4uLy4uL0RvY3VtZW50cy9BVEFST1MvTGluZ3Vpc3RpYyBTdHlsZSBNYXRjaGluZyBpbiBTb2NpYWwgSW50ZXJhY3Rpb24ucGRm0hcLGBlXTlMuZGF0YU8RAhAAAAAAAhAAAgAADE1hY2ludG9zaCBIRAAAAAAAAAAAAAAAAAAAANEnvuRIKwAAAVEtrB9MaW5ndWlzdGljIFN0eWxlIE1hIzIxMzhCQUQucGRmAAAAAAAAAAAAAAAAAAAAAAAAAAAAAAAAAAAAAAAAAAACE4ut1WG5aQAAAAAAAAAAAAMAAwAACSAAAAAAAAAAAAAAAAAAAAAGQVRBUk9TABAACAAA0SghVAAAABEACAAA1WIb2QAAAAEAEAFRLawACWGZAAk8vgAJGBYAAgBPTWFjaW50b3NoIEhEOlVzZXJzOgByb2xzdG9uOgBEb2N1bWVudHM6AEFUQVJPUzoATGluZ3Vpc3RpYyBTdHlsZSBNYSMyMTM4QkFELnBkZgAADgBoADMATABpAG4AZwB1AGkAcwB0AGkAYwAgAFMAdAB5AGwAZQAgAE0AYQB0AGMAaABpAG4AZwAgAGkAbgAgAFMAbwBjAGkAYQBsACAASQBuAHQAZQByAGEAYwB0AGkAbwBuAC4AcABkAGYADwAaAAwATQBhAGMAaQBuAHQAbwBzAGgAIABIAEQAEgBSVXNlcnMvcm9sc3Rvbi9Eb2N1bWVudHMvQVRBUk9TL0xpbmd1aXN0aWMgU3R5bGUgTWF0Y2hpbmcgaW4gU29jaWFsIEludGVyYWN0aW9uLnBkZgATAAEvAAAVAAIADv//AACABtIbHB0eWiRjbGFzc25hbWVYJGNsYXNzZXNdTlNNdXRhYmxlRGF0YaMdHyBWTlNEYXRhWE5TT2JqZWN00hscIiNcTlNEaWN0aW9uYXJ5oiIgXxAPTlNLZXllZEFyY2hpdmVy0SYnVHJvb3SAAQAIABEAGgAjAC0AMgA3AEAARgBNAFUAYABnAGoAbABuAHEAcwB1AHcAhACOAN4A4wDrAv8DAQMGAxEDGgMoAywDMwM8A0EDTgNRA2MDZgNrAAAAAAAAAgEAAAAAAAAAKAAAAAAAAAAAAAAAAAAAA20=}}

@article{taylor2008linguistic,
	Author = {Taylor, Paul J and Thomas, Sally},
	Date-Added = {2017-06-10 18:43:10 +0000},
	Date-Modified = {2017-06-10 18:43:10 +0000},
	Journal = {Negotiation and Conflict Management Research},
	Number = {3},
	Pages = {263--281},
	Publisher = {Wiley Online Library},
	Title = {Linguistic style matching and negotiation outcome},
	Volume = {1},
	Year = {2008},
	Bdsk-File-1 = {YnBsaXN0MDDUAQIDBAUGJCVYJHZlcnNpb25YJG9iamVjdHNZJGFyY2hpdmVyVCR0b3ASAAGGoKgHCBMUFRYaIVUkbnVsbNMJCgsMDxJXTlMua2V5c1pOUy5vYmplY3RzViRjbGFzc6INDoACgAOiEBGABIAFgAdccmVsYXRpdmVQYXRoWWFsaWFzRGF0YV8QXC4uLy4uLy4uL0RvY3VtZW50cy9BVEFST1MvVGF5bG9yX2V0X2FsLTIwMDgtTmVnb3RpYXRpb25fYW5kX0NvbmZsaWN0X01hbmFnZW1lbnRfUmVzZWFyY2gucGRm0hcLGBlXTlMuZGF0YU8RAj4AAAAAAj4AAgAADE1hY2ludG9zaCBIRAAAAAAAAAAAAAAAAAAAANEnvuRIKwAAAVEtrB9UYXlsb3JfZXRfYWwtMjAwOC1OIzIxMzg3NkEucGRmAAAAAAAAAAAAAAAAAAAAAAAAAAAAAAAAAAAAAAAAAAACE4dq1WGLkgAAAAAAAAAAAAMAAwAACSAAAAAAAAAAAAAAAAAAAAAGQVRBUk9TABAACAAA0SghVAAAABEACAAA1WHuAgAAAAEAEAFRLawACWGZAAk8vgAJGBYAAgBPTWFjaW50b3NoIEhEOlVzZXJzOgByb2xzdG9uOgBEb2N1bWVudHM6AEFUQVJPUzoAVGF5bG9yX2V0X2FsLTIwMDgtTiMyMTM4NzZBLnBkZgAADgCGAEIAVABhAHkAbABvAHIAXwBlAHQAXwBhAGwALQAyADAAMAA4AC0ATgBlAGcAbwB0AGkAYQB0AGkAbwBuAF8AYQBuAGQAXwBDAG8AbgBmAGwAaQBjAHQAXwBNAGEAbgBhAGcAZQBtAGUAbgB0AF8AUgBlAHMAZQBhAHIAYwBoAC4AcABkAGYADwAaAAwATQBhAGMAaQBuAHQAbwBzAGgAIABIAEQAEgBhVXNlcnMvcm9sc3Rvbi9Eb2N1bWVudHMvQVRBUk9TL1RheWxvcl9ldF9hbC0yMDA4LU5lZ290aWF0aW9uX2FuZF9Db25mbGljdF9NYW5hZ2VtZW50X1Jlc2VhcmNoLnBkZgAAEwABLwAAFQACAA7//wAAgAbSGxwdHlokY2xhc3NuYW1lWCRjbGFzc2VzXU5TTXV0YWJsZURhdGGjHR8gVk5TRGF0YVhOU09iamVjdNIbHCIjXE5TRGljdGlvbmFyeaIiIF8QD05TS2V5ZWRBcmNoaXZlctEmJ1Ryb290gAEACAARABoAIwAtADIANwBAAEYATQBVAGAAZwBqAGwAbgBxAHMAdQB3AIQAjgDtAPIA+gM8Az4DQwNOA1cDZQNpA3ADeQN+A4sDjgOgA6MDqAAAAAAAAAIBAAAAAAAAACgAAAAAAAAAAAAAAAAAAAOq}}

@article{tausczik2010psychological,
	Author = {Tausczik, Yla R and Pennebaker, James W},
	Date-Added = {2017-06-09 23:08:25 +0000},
	Date-Modified = {2017-06-09 23:08:25 +0000},
	Journal = {Journal of language and social psychology},
	Number = {1},
	Pages = {24--54},
	Publisher = {Sage Publications Sage CA: Los Angeles, CA},
	Title = {The psychological meaning of words: LIWC and computerized text analysis methods},
	Volume = {29},
	Year = {2010},
	Bdsk-File-1 = {YnBsaXN0MDDUAQIDBAUGJCVYJHZlcnNpb25YJG9iamVjdHNZJGFyY2hpdmVyVCR0b3ASAAGGoKgHCBMUFRYaIVUkbnVsbNMJCgsMDxJXTlMua2V5c1pOUy5vYmplY3RzViRjbGFzc6INDoACgAOiEBGABIAFgAdccmVsYXRpdmVQYXRoWWFsaWFzRGF0YV8QmC4uLy4uLy4uL0RvY3VtZW50cy9BVEFST1MvVGF1c2N6aWssIFkuUi4sICYgUGVubmViYWtlciwgSi5XLiAoMjAxMCkuIFRoZSBwc3ljaG9sb2dpY2FsIG1lYW5pbmcgb2Ygd29yZHMtIExJV0MgYW5kIGNvbXB1dGVyaXplZCB0ZXh0IGFuYWx5c2lzIG1ldGhvZHMucGRm0hcLGBlXTlMuZGF0YU8RAvIAAAAAAvIAAgAADE1hY2ludG9zaCBIRAAAAAAAAAAAAAAAAAAAANEnvuRIKwAAAVEtrB9UYXVzY3ppaywgWS5SLiwgJiBQIzFCMzA5MEQucGRmAAAAAAAAAAAAAAAAAAAAAAAAAAAAAAAAAAAAAAAAAAABswkN1Iv1gAAAAAAAAAAAAAMAAwAACSAAAAAAAAAAAAAAAAAAAAAGQVRBUk9TABAACAAA0SghVAAAABEACAAA1IxmAAAAAAEAEAFRLawACWGZAAk8vgAJGBYAAgBPTWFjaW50b3NoIEhEOlVzZXJzOgByb2xzdG9uOgBEb2N1bWVudHM6AEFUQVJPUzoAVGF1c2N6aWssIFkuUi4sICYgUCMxQjMwOTBELnBkZgAADgD+AH4AVABhAHUAcwBjAHoAaQBrACwAIABZAC4AUgAuACwAIAAmACAAUABlAG4AbgBlAGIAYQBrAGUAcgAsACAASgAuAFcALgAgACgAMgAwADEAMAApAC4AIABUAGgAZQAgAHAAcwB5AGMAaABvAGwAbwBnAGkAYwBhAGwAIABtAGUAYQBuAGkAbgBnACAAbwBmACAAdwBvAHIAZABzAC0AIABMAEkAVwBDACAAYQBuAGQAIABjAG8AbQBwAHUAdABlAHIAaQB6AGUAZAAgAHQAZQB4AHQAIABhAG4AYQBsAHkAcwBpAHMAIABtAGUAdABoAG8AZABzAC4AcABkAGYADwAaAAwATQBhAGMAaQBuAHQAbwBzAGgAIABIAEQAEgCdVXNlcnMvcm9sc3Rvbi9Eb2N1bWVudHMvQVRBUk9TL1RhdXNjemlrLCBZLlIuLCAmIFBlbm5lYmFrZXIsIEouVy4gKDIwMTApLiBUaGUgcHN5Y2hvbG9naWNhbCBtZWFuaW5nIG9mIHdvcmRzLSBMSVdDIGFuZCBjb21wdXRlcml6ZWQgdGV4dCBhbmFseXNpcyBtZXRob2RzLnBkZgAAEwABLwAAFQACAA7//wAAgAbSGxwdHlokY2xhc3NuYW1lWCRjbGFzc2VzXU5TTXV0YWJsZURhdGGjHR8gVk5TRGF0YVhOU09iamVjdNIbHCIjXE5TRGljdGlvbmFyeaIiIF8QD05TS2V5ZWRBcmNoaXZlctEmJ1Ryb290gAEACAARABoAIwAtADIANwBAAEYATQBVAGAAZwBqAGwAbgBxAHMAdQB3AIQAjgEpAS4BNgQsBC4EMwQ+BEcEVQRZBGAEaQRuBHsEfgSQBJMEmAAAAAAAAAIBAAAAAAAAACgAAAAAAAAAAAAAAAAAAASa}}

@article{chung2007psychological,
	Author = {Chung, Cindy and Pennebaker, James W},
	Date-Added = {2017-06-09 22:25:04 +0000},
	Date-Modified = {2017-06-09 22:25:04 +0000},
	Journal = {Social communication},
	Pages = {343--359},
	Title = {The psychological functions of function words},
	Year = {2007},
	Bdsk-File-1 = {YnBsaXN0MDDUAQIDBAUGJCVYJHZlcnNpb25YJG9iamVjdHNZJGFyY2hpdmVyVCR0b3ASAAGGoKgHCBMUFRYaIVUkbnVsbNMJCgsMDxJXTlMua2V5c1pOUy5vYmplY3RzViRjbGFzc6INDoACgAOiEBGABIAFgAdccmVsYXRpdmVQYXRoWWFsaWFzRGF0YV8QRS4uLy4uLy4uL0RvY3VtZW50cy9BVEFST1MvUHljaG9sb2dpY2FsIEZ1bmN0aW9uIG9mIEZ1bmN0aW9uIFdvcmRzLnBkZtIXCxgZV05TLmRhdGFPEQH4AAAAAAH4AAIAAAxNYWNpbnRvc2ggSEQAAAAAAAAAAAAAAAAAAADRJ77kSCsAAAFRLawfUHljaG9sb2dpY2FsIEZ1bmN0aSMyMTM2RTcyLnBkZgAAAAAAAAAAAAAAAAAAAAAAAAAAAAAAAAAAAAAAAAAAAhNuctVgScsAAAAAAAAAAAADAAMAAAkgAAAAAAAAAAAAAAAAAAAABkFUQVJPUwAQAAgAANEoIVQAAAARAAgAANVgrDsAAAABABABUS2sAAlhmQAJPL4ACRgWAAIAT01hY2ludG9zaCBIRDpVc2VyczoAcm9sc3RvbjoARG9jdW1lbnRzOgBBVEFST1M6AFB5Y2hvbG9naWNhbCBGdW5jdGkjMjEzNkU3Mi5wZGYAAA4AWAArAFAAeQBjAGgAbwBsAG8AZwBpAGMAYQBsACAARgB1AG4AYwB0AGkAbwBuACAAbwBmACAARgB1AG4AYwB0AGkAbwBuACAAVwBvAHIAZABzAC4AcABkAGYADwAaAAwATQBhAGMAaQBuAHQAbwBzAGgAIABIAEQAEgBKVXNlcnMvcm9sc3Rvbi9Eb2N1bWVudHMvQVRBUk9TL1B5Y2hvbG9naWNhbCBGdW5jdGlvbiBvZiBGdW5jdGlvbiBXb3Jkcy5wZGYAEwABLwAAFQACAA7//wAAgAbSGxwdHlokY2xhc3NuYW1lWCRjbGFzc2VzXU5TTXV0YWJsZURhdGGjHR8gVk5TRGF0YVhOU09iamVjdNIbHCIjXE5TRGljdGlvbmFyeaIiIF8QD05TS2V5ZWRBcmNoaXZlctEmJ1Ryb290gAEACAARABoAIwAtADIANwBAAEYATQBVAGAAZwBqAGwAbgBxAHMAdQB3AIQAjgDWANsA4wLfAuEC5gLxAvoDCAMMAxMDHAMhAy4DMQNDA0YDSwAAAAAAAAIBAAAAAAAAACgAAAAAAAAAAAAAAAAAAANN}}

@inproceedings{wilson2005opinionfinder,
	Author = {Wilson, Theresa and Hoffmann, Paul and Somasundaran, Swapna and Kessler, Jason and Wiebe, Janyce and Choi, Yejin and Cardie, Claire and Riloff, Ellen and Patwardhan, Siddharth},
	Booktitle = {Proceedings of hlt/emnlp on interactive demonstrations},
	Date-Added = {2017-06-09 20:46:02 +0000},
	Date-Modified = {2017-06-09 20:46:02 +0000},
	Organization = {Association for Computational Linguistics},
	Pages = {34--35},
	Title = {OpinionFinder: A system for subjectivity analysis},
	Year = {2005},
	Bdsk-File-1 = {YnBsaXN0MDDUAQIDBAUGJCVYJHZlcnNpb25YJG9iamVjdHNZJGFyY2hpdmVyVCR0b3ASAAGGoKgHCBMUFRYaIVUkbnVsbNMJCgsMDxJXTlMua2V5c1pOUy5vYmplY3RzViRjbGFzc6INDoACgAOiEBGABIAFgAdccmVsYXRpdmVQYXRoWWFsaWFzRGF0YV8QKy4uLy4uLy4uL0RvY3VtZW50cy9BVEFST1Mvb3BpbmlvbmZpbmRlci5wZGbSFwsYGVdOUy5kYXRhTxEBnAAAAAABnAACAAAMTWFjaW50b3NoIEhEAAAAAAAAAAAAAAAAAAAA0Se+5EgrAAABUS2sEW9waW5pb25maW5kZXIucGRmAAAAAAAAAAAAAAAAAAAAAAAAAAAAAAAAAAAAAAAAAAAAAAAAAAAAAAAAAAAAAAHgzgvVBCafAAAAAAAAAAAAAwADAAAJIAAAAAAAAAAAAAAAAAAAAAZBVEFST1MAEAAIAADRKCFUAAAAEQAIAADVBIkPAAAAAQAQAVEtrAAJYZkACTy+AAkYFgACAEFNYWNpbnRvc2ggSEQ6VXNlcnM6AHJvbHN0b246AERvY3VtZW50czoAQVRBUk9TOgBvcGluaW9uZmluZGVyLnBkZgAADgAkABEAbwBwAGkAbgBpAG8AbgBmAGkAbgBkAGUAcgAuAHAAZABmAA8AGgAMAE0AYQBjAGkAbgB0AG8AcwBoACAASABEABIAMFVzZXJzL3JvbHN0b24vRG9jdW1lbnRzL0FUQVJPUy9vcGluaW9uZmluZGVyLnBkZgATAAEvAAAVAAIADv//AACABtIbHB0eWiRjbGFzc25hbWVYJGNsYXNzZXNdTlNNdXRhYmxlRGF0YaMdHyBWTlNEYXRhWE5TT2JqZWN00hscIiNcTlNEaWN0aW9uYXJ5oiIgXxAPTlNLZXllZEFyY2hpdmVy0SYnVHJvb3SAAQAIABEAGgAjAC0AMgA3AEAARgBNAFUAYABnAGoAbABuAHEAcwB1AHcAhACOALwAwQDJAmkCawJwAnsChAKSApYCnQKmAqsCuAK7As0C0ALVAAAAAAAAAgEAAAAAAAAAKAAAAAAAAAAAAAAAAAAAAtc=}}

@article{wiebe2011finding,
	Author = {Wiebe, Janyce and Riloff, Ellen},
	Date-Added = {2017-06-09 18:43:24 +0000},
	Date-Modified = {2017-06-09 18:43:24 +0000},
	Journal = {IEEE Transactions on Affective Computing},
	Number = {4},
	Pages = {175--191},
	Publisher = {IEEE},
	Title = {Finding mutual benefit between subjectivity analysis and information extraction},
	Volume = {2},
	Year = {2011}}

@misc{montoyo2012subjectivity,
	Author = {Montoyo, Andr{\'e}s and Mart{\'\i}Nez-Barco, Patricio and Balahur, Alexandra},
	Date-Added = {2017-06-09 16:57:43 +0000},
	Date-Modified = {2017-06-09 16:57:43 +0000},
	Publisher = {Elsevier},
	Title = {Subjectivity and sentiment analysis: An overview of the current state of the area and envisaged developments},
	Year = {2012}}

@article{haddington2004stance,
	Author = {Haddington, Pentti},
	Date-Added = {2017-06-09 04:27:50 +0000},
	Date-Modified = {2017-06-09 04:27:50 +0000},
	Journal = {SKY Journal of Linguistics},
	Pages = {101--142},
	Title = {Stance taking in news interviews},
	Volume = {17},
	Year = {2004},
	Bdsk-File-1 = {YnBsaXN0MDDUAQIDBAUGJCVYJHZlcnNpb25YJG9iamVjdHNZJGFyY2hpdmVyVCR0b3ASAAGGoKgHCBMUFRYaIVUkbnVsbNMJCgsMDxJXTlMua2V5c1pOUy5vYmplY3RzViRjbGFzc6INDoACgAOiEBGABIAFgAdccmVsYXRpdmVQYXRoWWFsaWFzRGF0YV8QLi4uLy4uLy4uL0RvY3VtZW50cy9BVEFST1MvSGFkZGluZ3RvbiwgMjAxNC5wZGbSFwsYGVdOUy5kYXRhTxEBqAAAAAABqAACAAAMTWFjaW50b3NoIEhEAAAAAAAAAAAAAAAAAAAA0Se+5EgrAAABUS2sFEhhZGRpbmd0b24sIDIwMTQucGRmAAAAAAAAAAAAAAAAAAAAAAAAAAAAAAAAAAAAAAAAAAAAAAAAAAAAAAAAAAIE0Q7VPPj1AAAAAAAAAAAAAwADAAAJIAAAAAAAAAAAAAAAAAAAAAZBVEFST1MAEAAIAADRKCFUAAAAEQAIAADVPVtlAAAAAQAQAVEtrAAJYZkACTy+AAkYFgACAERNYWNpbnRvc2ggSEQ6VXNlcnM6AHJvbHN0b246AERvY3VtZW50czoAQVRBUk9TOgBIYWRkaW5ndG9uLCAyMDE0LnBkZgAOACoAFABIAGEAZABkAGkAbgBnAHQAbwBuACwAIAAyADAAMQA0AC4AcABkAGYADwAaAAwATQBhAGMAaQBuAHQAbwBzAGgAIABIAEQAEgAzVXNlcnMvcm9sc3Rvbi9Eb2N1bWVudHMvQVRBUk9TL0hhZGRpbmd0b24sIDIwMTQucGRmAAATAAEvAAAVAAIADv//AACABtIbHB0eWiRjbGFzc25hbWVYJGNsYXNzZXNdTlNNdXRhYmxlRGF0YaMdHyBWTlNEYXRhWE5TT2JqZWN00hscIiNcTlNEaWN0aW9uYXJ5oiIgXxAPTlNLZXllZEFyY2hpdmVy0SYnVHJvb3SAAQAIABEAGgAjAC0AMgA3AEAARgBNAFUAYABnAGoAbABuAHEAcwB1AHcAhACOAL8AxADMAngCegJ/AooCkwKhAqUCrAK1AroCxwLKAtwC3wLkAAAAAAAAAgEAAAAAAAAAKAAAAAAAAAAAAAAAAAAAAuY=}}

@article{biber1989styles,
	Author = {Biber, Douglas and Finegan, Edward},
	Date-Added = {2017-06-08 20:36:10 +0000},
	Date-Modified = {2017-06-08 20:36:10 +0000},
	Journal = {Text-interdisciplinary journal for the study of discourse},
	Number = {1},
	Pages = {93--124},
	Title = {Styles of stance in English: Lexical and grammatical marking of evidentiality and affect},
	Volume = {9},
	Year = {1989},
	Bdsk-File-1 = {YnBsaXN0MDDUAQIDBAUGJCVYJHZlcnNpb25YJG9iamVjdHNZJGFyY2hpdmVyVCR0b3ASAAGGoKgHCBMUFRYaIVUkbnVsbNMJCgsMDxJXTlMua2V5c1pOUy5vYmplY3RzViRjbGFzc6INDoACgAOiEBGABIAFgAdccmVsYXRpdmVQYXRoWWFsaWFzRGF0YV8QOS4uLy4uLy4uL0RvY3VtZW50cy9BVEFST1MvU3R5bGVzIG9mIFN0YW5jZSBpbiBFbmdsaXNoLnBkZtIXCxgZV05TLmRhdGFPEQHUAAAAAAHUAAIAAAxNYWNpbnRvc2ggSEQAAAAAAAAAAAAAAAAAAADRJ77kSCsAAAFRLawfU3R5bGVzIG9mIFN0YW5jZSBpbiBFbmdsaXNoLnBkZgAAAAAAAAAAAAAAAAAAAAAAAAAAAAAAAAAAAAAAAAAAAZsno9RjT4UAAAAAAAAAAAADAAMAAAkgAAAAAAAAAAAAAAAAAAAABkFUQVJPUwAQAAgAANEoIVQAAAARAAgAANRjwAUAAAABABABUS2sAAlhmQAJPL4ACRgWAAIAT01hY2ludG9zaCBIRDpVc2VyczoAcm9sc3RvbjoARG9jdW1lbnRzOgBBVEFST1M6AFN0eWxlcyBvZiBTdGFuY2UgaW4gRW5nbGlzaC5wZGYAAA4AQAAfAFMAdAB5AGwAZQBzACAAbwBmACAAUwB0AGEAbgBjAGUAIABpAG4AIABFAG4AZwBsAGkAcwBoAC4AcABkAGYADwAaAAwATQBhAGMAaQBuAHQAbwBzAGgAIABIAEQAEgA+VXNlcnMvcm9sc3Rvbi9Eb2N1bWVudHMvQVRBUk9TL1N0eWxlcyBvZiBTdGFuY2UgaW4gRW5nbGlzaC5wZGYAEwABLwAAFQACAA7//wAAgAbSGxwdHlokY2xhc3NuYW1lWCRjbGFzc2VzXU5TTXV0YWJsZURhdGGjHR8gVk5TRGF0YVhOU09iamVjdNIbHCIjXE5TRGljdGlvbmFyeaIiIF8QD05TS2V5ZWRBcmNoaXZlctEmJ1Ryb290gAEACAARABoAIwAtADIANwBAAEYATQBVAGAAZwBqAGwAbgBxAHMAdQB3AIQAjgDKAM8A1wKvArECtgLBAsoC2ALcAuMC7ALxAv4DAQMTAxYDGwAAAAAAAAIBAAAAAAAAACgAAAAAAAAAAAAAAAAAAAMd}}

@article{biber1999grammar,
	Author = {Biber, Douglas and Johansson, Stig and Leech, Geoffrey and Conrad, Susan and Finegan, Edward},
	Date-Added = {2017-06-08 20:35:35 +0000},
	Date-Modified = {2017-06-08 20:35:35 +0000},
	Journal = {Harlow: Longman},
	Title = {Grammar of spoken and written English},
	Year = {1999},
	Bdsk-File-1 = {YnBsaXN0MDDUAQIDBAUGJCVYJHZlcnNpb25YJG9iamVjdHNZJGFyY2hpdmVyVCR0b3ASAAGGoKgHCBMUFRYaIVUkbnVsbNMJCgsMDxJXTlMua2V5c1pOUy5vYmplY3RzViRjbGFzc6INDoACgAOiEBGABIAFgAdccmVsYXRpdmVQYXRoWWFsaWFzRGF0YV8QLC4uLy4uLy4uL0RvY3VtZW50cy9BVEFST1MvTG9nbWFucyBTdGFuY2UucGRm0hcLGBlXTlMuZGF0YU8RAaAAAAAAAaAAAgAADE1hY2ludG9zaCBIRAAAAAAAAAAAAAAAAAAAANEnvuRIKwAAAVEtrBJMb2dtYW5zIFN0YW5jZS5wZGYAAAAAAAAAAAAAAAAAAAAAAAAAAAAAAAAAAAAAAAAAAAAAAAAAAAAAAAAAAAACEwaK1V76DAAAAAAAAAAAAAMAAwAACSAAAAAAAAAAAAAAAAAAAAAGQVRBUk9TABAACAAA0SghVAAAABEACAAA1V9cfAAAAAEAEAFRLawACWGZAAk8vgAJGBYAAgBCTWFjaW50b3NoIEhEOlVzZXJzOgByb2xzdG9uOgBEb2N1bWVudHM6AEFUQVJPUzoATG9nbWFucyBTdGFuY2UucGRmAA4AJgASAEwAbwBnAG0AYQBuAHMAIABTAHQAYQBuAGMAZQAuAHAAZABmAA8AGgAMAE0AYQBjAGkAbgB0AG8AcwBoACAASABEABIAMVVzZXJzL3JvbHN0b24vRG9jdW1lbnRzL0FUQVJPUy9Mb2dtYW5zIFN0YW5jZS5wZGYAABMAAS8AABUAAgAO//8AAIAG0hscHR5aJGNsYXNzbmFtZVgkY2xhc3Nlc11OU011dGFibGVEYXRhox0fIFZOU0RhdGFYTlNPYmplY3TSGxwiI1xOU0RpY3Rpb25hcnmiIiBfEA9OU0tleWVkQXJjaGl2ZXLRJidUcm9vdIABAAgAEQAaACMALQAyADcAQABGAE0AVQBgAGcAagBsAG4AcQBzAHUAdwCEAI4AvQDCAMoCbgJwAnUCgAKJApcCmwKiAqsCsAK9AsAC0gLVAtoAAAAAAAACAQAAAAAAAAAoAAAAAAAAAAAAAAAAAAAC3A==}}

@article{pennebaker2001linguistic,
	Author = {Pennebaker, James W and Francis, Martha E and Booth, Roger J},
	Date-Added = {2017-06-07 04:16:12 +0000},
	Date-Modified = {2017-06-07 04:16:12 +0000},
	Journal = {Mahway: Lawrence Erlbaum Associates},
	Number = {2001},
	Pages = {2001},
	Title = {Linguistic inquiry and word count: LIWC 2001},
	Volume = {71},
	Year = {2001}}

@article{loper2005natural,
	Author = {Loper, Edward and Bird, Steven},
	Date-Added = {2017-06-07 00:07:01 +0000},
	Date-Modified = {2017-06-07 00:07:01 +0000},
	Publisher = {Citeseer},
	Title = {Natural language toolkit},
	Year = {2005}}

@article{wiebe2004learning,
	Author = {Wiebe, Janyce and Wilson, Theresa and Bruce, Rebecca and Bell, Matthew and Martin, Melanie},
	Date-Added = {2017-05-28 01:13:21 +0000},
	Date-Modified = {2017-05-28 01:13:21 +0000},
	Journal = {Computational linguistics},
	Number = {3},
	Pages = {277--308},
	Publisher = {MIT Press},
	Title = {Learning subjective language},
	Volume = {30},
	Year = {2004},
	Bdsk-File-1 = {YnBsaXN0MDDUAQIDBAUGJCVYJHZlcnNpb25YJG9iamVjdHNZJGFyY2hpdmVyVCR0b3ASAAGGoKgHCBMUFRYaIVUkbnVsbNMJCgsMDxJXTlMua2V5c1pOUy5vYmplY3RzViRjbGFzc6INDoACgAOiEBGABIAFgAdccmVsYXRpdmVQYXRoWWFsaWFzRGF0YV8QOi4uLy4uLy4uL0RvY3VtZW50cy9BVEFST1MvTGVhcm5pbmcgU3ViamVjdGl2ZSBMYW5ndWFnZS5wZGbSFwsYGVdOUy5kYXRhTxEB2AAAAAAB2AACAAAMTWFjaW50b3NoIEhEAAAAAAAAAAAAAAAAAAAA0Se+5EgrAAABUS2sH0xlYXJuaW5nIFN1YmplY3RpdmUjMjBCMUUzMS5wZGYAAAAAAAAAAAAAAAAAAAAAAAAAAAAAAAAAAAAAAAAAAAILHjHVT3G9AAAAAAAAAAAAAwADAAAJIAAAAAAAAAAAAAAAAAAAAAZBVEFST1MAEAAIAADRKCFUAAAAEQAIAADVT9QtAAAAAQAQAVEtrAAJYZkACTy+AAkYFgACAE9NYWNpbnRvc2ggSEQ6VXNlcnM6AHJvbHN0b246AERvY3VtZW50czoAQVRBUk9TOgBMZWFybmluZyBTdWJqZWN0aXZlIzIwQjFFMzEucGRmAAAOAEIAIABMAGUAYQByAG4AaQBuAGcAIABTAHUAYgBqAGUAYwB0AGkAdgBlACAATABhAG4AZwB1AGEAZwBlAC4AcABkAGYADwAaAAwATQBhAGMAaQBuAHQAbwBzAGgAIABIAEQAEgA/VXNlcnMvcm9sc3Rvbi9Eb2N1bWVudHMvQVRBUk9TL0xlYXJuaW5nIFN1YmplY3RpdmUgTGFuZ3VhZ2UucGRmAAATAAEvAAAVAAIADv//AACABtIbHB0eWiRjbGFzc25hbWVYJGNsYXNzZXNdTlNNdXRhYmxlRGF0YaMdHyBWTlNEYXRhWE5TT2JqZWN00hscIiNcTlNEaWN0aW9uYXJ5oiIgXxAPTlNLZXllZEFyY2hpdmVy0SYnVHJvb3SAAQAIABEAGgAjAC0AMgA3AEAARgBNAFUAYABnAGoAbABuAHEAcwB1AHcAhACOAMsA0ADYArQCtgK7AsYCzwLdAuEC6ALxAvYDAwMGAxgDGwMgAAAAAAAAAgEAAAAAAAAAKAAAAAAAAAAAAAAAAAAAAyI=}}

@inproceedings{wiebe2006word,
	Author = {Wiebe, Janyce and Mihalcea, Rada},
	Booktitle = {Proceedings of the 21st International Conference on Computational Linguistics and the 44th annual meeting of the Association for Computational Linguistics},
	Date-Added = {2017-05-27 23:58:43 +0000},
	Date-Modified = {2017-05-27 23:58:43 +0000},
	Organization = {Association for Computational Linguistics},
	Pages = {1065--1072},
	Title = {Word sense and subjectivity},
	Year = {2006},
	Bdsk-File-1 = {YnBsaXN0MDDUAQIDBAUGJCVYJHZlcnNpb25YJG9iamVjdHNZJGFyY2hpdmVyVCR0b3ASAAGGoKgHCBMUFRYaIVUkbnVsbNMJCgsMDxJXTlMua2V5c1pOUy5vYmplY3RzViRjbGFzc6INDoACgAOiEBGABIAFgAdccmVsYXRpdmVQYXRoWWFsaWFzRGF0YV8QOS4uLy4uLy4uL0RvY3VtZW50cy9BVEFST1MvV29yZCBTZW5zZSBhbmQgU3ViamVjdGl2aXR5LnBkZtIXCxgZV05TLmRhdGFPEQHUAAAAAAHUAAIAAAxNYWNpbnRvc2ggSEQAAAAAAAAAAAAAAAAAAADRJ77kSCsAAAFRLawfV29yZCBTZW5zZSBhbmQgU3ViamVjdGl2aXR5LnBkZgAAAAAAAAAAAAAAAAAAAAAAAAAAAAAAAAAAAAAAAAAAAgsW+dVPXNwAAAAAAAAAAAADAAMAAAkgAAAAAAAAAAAAAAAAAAAABkFUQVJPUwAQAAgAANEoIVQAAAARAAgAANVPv0wAAAABABABUS2sAAlhmQAJPL4ACRgWAAIAT01hY2ludG9zaCBIRDpVc2VyczoAcm9sc3RvbjoARG9jdW1lbnRzOgBBVEFST1M6AFdvcmQgU2Vuc2UgYW5kIFN1YmplY3Rpdml0eS5wZGYAAA4AQAAfAFcAbwByAGQAIABTAGUAbgBzAGUAIABhAG4AZAAgAFMAdQBiAGoAZQBjAHQAaQB2AGkAdAB5AC4AcABkAGYADwAaAAwATQBhAGMAaQBuAHQAbwBzAGgAIABIAEQAEgA+VXNlcnMvcm9sc3Rvbi9Eb2N1bWVudHMvQVRBUk9TL1dvcmQgU2Vuc2UgYW5kIFN1YmplY3Rpdml0eS5wZGYAEwABLwAAFQACAA7//wAAgAbSGxwdHlokY2xhc3NuYW1lWCRjbGFzc2VzXU5TTXV0YWJsZURhdGGjHR8gVk5TRGF0YVhOU09iamVjdNIbHCIjXE5TRGljdGlvbmFyeaIiIF8QD05TS2V5ZWRBcmNoaXZlctEmJ1Ryb290gAEACAARABoAIwAtADIANwBAAEYATQBVAGAAZwBqAGwAbgBxAHMAdQB3AIQAjgDKAM8A1wKvArECtgLBAsoC2ALcAuMC7ALxAv4DAQMTAxYDGwAAAAAAAAIBAAAAAAAAACgAAAAAAAAAAAAAAAAAAAMd}}

@misc{balahur2014computational,
	Author = {Balahur, Alexandra and Mihalcea, Rada and Montoyo, Andr{\'e}s},
	Date-Added = {2017-05-27 23:51:57 +0000},
	Date-Modified = {2017-05-27 23:51:57 +0000},
	Publisher = {Elsevier},
	Title = {Computational approaches to subjectivity and sentiment analysis: Present and envisaged methods and applications},
	Year = {2014}}

@article{boersma2002praat,
	Author = {Boersma, Paulus Petrus Gerardus and others},
	Date-Added = {2017-05-17 18:50:00 +0000},
	Date-Modified = {2017-05-17 18:50:00 +0000},
	Journal = {Glot international},
	Title = {Praat, a system for doing phonetics by computer},
	Volume = {5},
	Year = {2002}}

@article{freeman2014ataros,
	Author = {Freeman, Valerie and Chan, Julian and Levow, Gina-Anne and Wright, Richard and Ostendorf, Mari and Zayats, Victoria and Luan, Yi and Morrison, Heather and Fox, Lauren and Antoniak, Maria and others},
	Date-Added = {2017-05-17 17:52:05 +0000},
	Date-Modified = {2017-05-17 17:52:05 +0000},
	Journal = {U. Washington Linguistic Phonetics Lab},
	Title = {ATAROS Technical Report 1: Corpus collection and initial task validation},
	Year = {2014}}

@phdthesis{freeman2015phonetics,
	Author = {Freeman, Valerie},
	Date-Added = {2017-05-17 17:50:28 +0000},
	Date-Modified = {2017-05-17 17:50:28 +0000},
	School = {University of Washington},
	Title = {The phonetics of stance-taking},
	Year = {2015},
	Bdsk-File-1 = {YnBsaXN0MDDUAQIDBAUGJCVYJHZlcnNpb25YJG9iamVjdHNZJGFyY2hpdmVyVCR0b3ASAAGGoKgHCBMUFRYaIVUkbnVsbNMJCgsMDxJXTlMua2V5c1pOUy5vYmplY3RzViRjbGFzc6INDoACgAOiEBGABIAFgAdccmVsYXRpdmVQYXRoWWFsaWFzRGF0YV8QNy4uLy4uLy4uL0RvY3VtZW50cy9BVEFST1MvRnJlZW1hbl8yMDE1X2Rpc3NlcnRhdGlvbi5wZGbSFwsYGVdOUy5kYXRhTxEBzAAAAAABzAACAAAMTWFjaW50b3NoIEhEAAAAAAAAAAAAAAAAAAAA0Se+5EgrAAABUS2sHUZyZWVtYW5fMjAxNV9kaXNzZXJ0YXRpb24ucGRmAAAAAAAAAAAAAAAAAAAAAAAAAAAAAAAAAAAAAAAAAAAAAAFRLbjTq++XAAAAAAAAAAAAAwADAAAJIAAAAAAAAAAAAAAAAAAAAAZBVEFST1MAEAAIAADRKCFUAAAAEQAIAADTrFIHAAAAAQAQAVEtrAAJYZkACTy+AAkYFgACAE1NYWNpbnRvc2ggSEQ6VXNlcnM6AHJvbHN0b246AERvY3VtZW50czoAQVRBUk9TOgBGcmVlbWFuXzIwMTVfZGlzc2VydGF0aW9uLnBkZgAADgA8AB0ARgByAGUAZQBtAGEAbgBfADIAMAAxADUAXwBkAGkAcwBzAGUAcgB0AGEAdABpAG8AbgAuAHAAZABmAA8AGgAMAE0AYQBjAGkAbgB0AG8AcwBoACAASABEABIAPFVzZXJzL3JvbHN0b24vRG9jdW1lbnRzL0FUQVJPUy9GcmVlbWFuXzIwMTVfZGlzc2VydGF0aW9uLnBkZgATAAEvAAAVAAIADv//AACABtIbHB0eWiRjbGFzc25hbWVYJGNsYXNzZXNdTlNNdXRhYmxlRGF0YaMdHyBWTlNEYXRhWE5TT2JqZWN00hscIiNcTlNEaWN0aW9uYXJ5oiIgXxAPTlNLZXllZEFyY2hpdmVy0SYnVHJvb3SAAQAIABEAGgAjAC0AMgA3AEAARgBNAFUAYABnAGoAbABuAHEAcwB1AHcAhACOAMgAzQDVAqUCpwKsArcCwALOAtIC2QLiAucC9AL3AwkDDAMRAAAAAAAAAgEAAAAAAAAAKAAAAAAAAAAAAAAAAAAAAxM=}}

@article{hsu2003practical,
	Author = {Hsu, Chih-Wei and Chang, Chih-Chung and Lin, Chih-Jen and others},
	Date-Added = {2017-03-23 22:16:30 +0000},
	Date-Modified = {2017-03-23 22:16:30 +0000},
	Title = {A practical guide to support vector classification},
	Year = {2003},
	Bdsk-File-1 = {YnBsaXN0MDDUAQIDBAUGJCVYJHZlcnNpb25YJG9iamVjdHNZJGFyY2hpdmVyVCR0b3ASAAGGoKgHCBMUFRYaIVUkbnVsbNMJCgsMDxJXTlMua2V5c1pOUy5vYmplY3RzViRjbGFzc6INDoACgAOiEBGABIAFgAdccmVsYXRpdmVQYXRoWWFsaWFzRGF0YV8QKy4uLy4uLy4uL0RvY3VtZW50cy9BVEFST1MvcHJhY3RpY2FsIFNWTS5wZGbSFwsYGVdOUy5kYXRhTxEBnAAAAAABnAACAAAMTWFjaW50b3NoIEhEAAAAAAAAAAAAAAAAAAAA0Se+5EgrAAABUS2sEXByYWN0aWNhbCBTVk0ucGRmAAAAAAAAAAAAAAAAAAAAAAAAAAAAAAAAAAAAAAAAAAAAAAAAAAAAAAAAAAAAAAHYxTLU+ZcZAAAAAAAAAAAAAwADAAAJIAAAAAAAAAAAAAAAAAAAAAZBVEFST1MAEAAIAADRKCFUAAAAEQAIAADU+fmJAAAAAQAQAVEtrAAJYZkACTy+AAkYFgACAEFNYWNpbnRvc2ggSEQ6VXNlcnM6AHJvbHN0b246AERvY3VtZW50czoAQVRBUk9TOgBwcmFjdGljYWwgU1ZNLnBkZgAADgAkABEAcAByAGEAYwB0AGkAYwBhAGwAIABTAFYATQAuAHAAZABmAA8AGgAMAE0AYQBjAGkAbgB0AG8AcwBoACAASABEABIAMFVzZXJzL3JvbHN0b24vRG9jdW1lbnRzL0FUQVJPUy9wcmFjdGljYWwgU1ZNLnBkZgATAAEvAAAVAAIADv//AACABtIbHB0eWiRjbGFzc25hbWVYJGNsYXNzZXNdTlNNdXRhYmxlRGF0YaMdHyBWTlNEYXRhWE5TT2JqZWN00hscIiNcTlNEaWN0aW9uYXJ5oiIgXxAPTlNLZXllZEFyY2hpdmVy0SYnVHJvb3SAAQAIABEAGgAjAC0AMgA3AEAARgBNAFUAYABnAGoAbABuAHEAcwB1AHcAhACOALwAwQDJAmkCawJwAnsChAKSApYCnQKmAqsCuAK7As0C0ALVAAAAAAAAAgEAAAAAAAAAKAAAAAAAAAAAAAAAAAAAAtc=}}

@article{meyer2014e1071,
	Author = {Meyer, David and Dimitriadou, Evgenia and Hornik, Kurt and Weingessel, Andreas and Leisch, Friedrich},
	Date-Added = {2017-03-15 18:23:31 +0000},
	Date-Modified = {2017-03-15 18:23:31 +0000},
	Journal = {Retrieved from},
	Title = {e1071: Misc Functions of the Department of Statistics (e1071), TU Wien. R package version 1.6-3},
	Year = {2014}}

@inproceedings{anghelescu2003combinatorial,
	Author = {Anghelescu, Andrei V and Muchnik, Ilya B},
	Booktitle = {Integration of Knowledge Intensive Multi-Agent Systems, 2003. International Conference on},
	Date-Added = {2017-03-14 21:59:52 +0000},
	Date-Modified = {2017-03-14 21:59:52 +0000},
	Organization = {IEEE},
	Pages = {491--496},
	Title = {Combinatorial pca and svm methods for feature selection in learning classifications (applications to text categorization)},
	Year = {2003},
	Bdsk-File-1 = {YnBsaXN0MDDUAQIDBAUGJCVYJHZlcnNpb25YJG9iamVjdHNZJGFyY2hpdmVyVCR0b3ASAAGGoKgHCBMUFRYaIVUkbnVsbNMJCgsMDxJXTlMua2V5c1pOUy5vYmplY3RzViRjbGFzc6INDoACgAOiEBGABIAFgAdccmVsYXRpdmVQYXRoWWFsaWFzRGF0YV8QOi4uLy4uLy4uL0RvY3VtZW50cy9BVEFST1MvY1NWTV9jUENBX3RleHRjYXRlZ29yaXphdGlvbi5wZGbSFwsYGVdOUy5kYXRhTxEB2AAAAAAB2AACAAAMTWFjaW50b3NoIEhEAAAAAAAAAAAAAAAAAAAA0Se+5EgrAAABUS2sH2NTVk1fY1BDQV90ZXh0Y2F0ZWcjMUQ1NDg3RS5wZGYAAAAAAAAAAAAAAAAAAAAAAAAAAAAAAAAAAAAAAAAAAAHVSH7U7bXQAAAAAAAAAAAAAwADAAAJIAAAAAAAAAAAAAAAAAAAAAZBVEFST1MAEAAIAADRKCFUAAAAEQAIAADU7hhAAAAAAQAQAVEtrAAJYZkACTy+AAkYFgACAE9NYWNpbnRvc2ggSEQ6VXNlcnM6AHJvbHN0b246AERvY3VtZW50czoAQVRBUk9TOgBjU1ZNX2NQQ0FfdGV4dGNhdGVnIzFENTQ4N0UucGRmAAAOAEIAIABjAFMAVgBNAF8AYwBQAEMAQQBfAHQAZQB4AHQAYwBhAHQAZQBnAG8AcgBpAHoAYQB0AGkAbwBuAC4AcABkAGYADwAaAAwATQBhAGMAaQBuAHQAbwBzAGgAIABIAEQAEgA/VXNlcnMvcm9sc3Rvbi9Eb2N1bWVudHMvQVRBUk9TL2NTVk1fY1BDQV90ZXh0Y2F0ZWdvcml6YXRpb24ucGRmAAATAAEvAAAVAAIADv//AACABtIbHB0eWiRjbGFzc25hbWVYJGNsYXNzZXNdTlNNdXRhYmxlRGF0YaMdHyBWTlNEYXRhWE5TT2JqZWN00hscIiNcTlNEaWN0aW9uYXJ5oiIgXxAPTlNLZXllZEFyY2hpdmVy0SYnVHJvb3SAAQAIABEAGgAjAC0AMgA3AEAARgBNAFUAYABnAGoAbABuAHEAcwB1AHcAhACOAMsA0ADYArQCtgK7AsYCzwLdAuEC6ALxAvYDAwMGAxgDGwMgAAAAAAAAAgEAAAAAAAAAKAAAAAAAAAAAAAAAAAAAAyI=}}
